<?xml version="1.0" encoding="UTF-8"?>
<!DOCTYPE html PUBLIC "-//W3C//DTD XHTML 1.0 Transitional//EN"
    "http://www.w3.org/TR/xhtml1/DTD/xhtml1-transitional.dtd">
<html xmlns="http://www.w3.org/1999/xhtml" xml:lang="en" lang="en">
 <head>
  <title>
</title>
<meta http-equiv="Content-Type" content="text/html;charset=utf-8" />
  <meta name='ocr-system' content='tesseract 3.04.00' />
  <meta name='ocr-capabilities' content='ocr_page ocr_carea ocr_par ocr_line ocrx_word'/>
</head>
<body>
  <div class='ocr_page' id='page_1' title='image "./emendationesliv00walcgoog_0112.png"; bbox 0 0 2916 4826; ppageno 0'>
   <div class='ocr_carea' id='block_1_1' title="bbox 154 259 1211 876">
    <p class='ocr_par' dir='ltr' id='par_1_1' title="bbox 173 259 186 302">
     <span class='ocr_line' id='line_1_1' title="bbox 173 259 186 302; baseline 0 0"><span class='ocrx_word' id='word_1_1' title='bbox 173 259 186 302; x_wconf 74' lang='lat' dir='ltr'>e</span> 
     </span>
    </p>

    <p class='ocr_par' dir='ltr' id='par_1_2' title="bbox 169 399 1211 868">
     <span class='ocr_line' id='line_1_2' title="bbox 170 399 1124 474; baseline 0.005 -11"><span class='ocrx_word' id='word_1_2' title='bbox 170 409 207 474; x_wconf 72' lang='grc' dir='ltr'>,ΙΙ</span> <span class='ocrx_word' id='word_1_3' title='bbox 544 399 756 426; x_wconf 82' lang='grc'><strong>·“““““””“’“</strong></span> <span class='ocrx_word' id='word_1_4' title='bbox 1078 403 1124 468; x_wconf 84' lang='grc'>97</span> 
     </span>
     <span class='ocr_line' id='line_1_3' title="bbox 154 511 1125 644; baseline 0.004 -26.064"><span class='ocrx_word' id='word_1_5' title='bbox 154 554 322 644; x_wconf 81' lang='lat' dir='ltr'>publicae</span> <span class='ocrx_word' id='word_1_6' title='bbox 342 511 423 616; x_wconf 89' lang='lat' dir='ltr'>inde</span> <span class='ocrx_word' id='word_1_7' title='bbox 446 548 613 634; x_wconf 80' lang='lat' dir='ltr'>originem</span> <span class='ocrx_word' id='word_1_8' title='bbox 636 546 803 626; x_wconf 87' lang='lat' dir='ltr'>duxerint,</span> <span class='ocrx_word' id='word_1_9' title='bbox 832 568 909 633; x_wconf 86' lang='lat' dir='ltr'>post</span> <span class='ocrx_word' id='word_1_10' title='bbox 931 571 980 620; x_wconf 87' lang='lat' dir='ltr'>tot</span> <span class='ocrx_word' id='word_1_11' title='bbox 1002 555 1125 622; x_wconf 86' lang='lat' dir='ltr'>critico</span> 
     </span>
     <span class='ocr_line' id='line_1_4' title="bbox 173 666 1127 786; baseline -0.001 -50"><span class='ocrx_word' id='word_1_12' title='bbox 173 695 248 737; x_wconf 90' lang='lat' dir='ltr'>rum</span> <span class='ocrx_word' id='word_1_13' title='bbox 282 668 532 736; x_wconf 81' lang='lat' dir='ltr'><strong>admonitiones</strong></span> <span class='ocrx_word' id='word_1_14' title='bbox 567 668 675 734; x_wconf 84' lang='lat' dir='ltr'>dicere</span> <span class='ocrx_word' id='word_1_15' title='bbox 709 666 760 731; x_wconf 91' lang='lat' dir='ltr'>nil</span> <span class='ocrx_word' id='word_1_16' title='bbox 788 669 914 736; x_wconf 71' lang='lat' dir='ltr'>attinet.</span> <span class='ocrx_word' id='word_1_17' title='bbox 924 675 1063 786; x_wconf 85' lang='lat' dir='ltr'>Vide,</span> <span class='ocrx_word' id='word_1_18' title='bbox 1098 678 1127 742; x_wconf 81' lang='lat' dir='ltr'>si</span> 
     </span>
     <span class='ocr_line' id='line_1_5' title="bbox 173 769 1211 876; baseline 0.005 -20"><span class='ocrx_word' id='word_1_19' title='bbox 173 795 295 868; x_wconf 80' lang='lat' dir='ltr'>lubeat,</span> <span class='ocrx_word' id='word_1_20' title='bbox 318 790 440 854; x_wconf 87' lang='lat' dir='ltr'>Heius.</span> <span class='ocrx_word' id='word_1_21' title='bbox 459 792 500 852; x_wconf 84' lang='lat' dir='ltr'>ad</span> <span class='ocrx_word' id='word_1_22' title='bbox 515 789 610 853; x_wconf 87' lang='lat' dir='ltr'>Vell.</span> <span class='ocrx_word' id='word_1_23' title='bbox 623 789 675 864; x_wconf 86' lang='lat'>11,</span> <span class='ocrx_word' id='word_1_24' title='bbox 692 790 742 868; x_wconf 82' lang='grc'>76</span> <span class='ocrx_word' id='word_1_25' title='bbox 765 789 936 856; x_wconf 82' lang='lat' dir='ltr'>Drakenb</span> <span class='ocrx_word' id='word_1_26' title='bbox 952 769 997 858; x_wconf 83' lang='lat' dir='ltr'>ad</span> <span class='ocrx_word' id='word_1_27' title='bbox 1010 796 1127 876; x_wconf 88' lang='lat' dir='ltr'>XXV,</span> <span class='ocrx_word' id='word_1_28' title='bbox 1203 784 1211 797; x_wconf 34' lang='grc' dir='ltr'><strong>Ι</strong></span> 
     </span>
    </p>
   </div>
   <div class='ocr_carea' id='block_1_2' title="bbox 175 903 668 1021">
    <p class='ocr_par' dir='ltr' id='par_1_3' title="bbox 175 903 668 1021">
     <span class='ocr_line' id='line_1_6' title="bbox 175 903 668 1021; baseline -0.02 -41.548"><span class='ocrx_word' id='word_1_29' title='bbox 175 932 226 979; x_wconf 80' lang='grc'>11.</span> <span class='ocrx_word' id='word_1_30' title='bbox 249 907 414 1021; x_wconf 74' lang='lat' dir='ltr'>imprimis</span> <span class='ocrx_word' id='word_1_31' title='bbox 437 905 478 972; x_wconf 89' lang='lat' dir='ltr'>ad</span> <span class='ocrx_word' id='word_1_32' title='bbox 500 903 615 1002; x_wconf 87' lang='lat' dir='ltr'>XXX,</span> <span class='ocrx_word' id='word_1_33' title='bbox 637 917 668 986; x_wconf 99' lang='grc'><strong>4</strong></span> 
     </span>
    </p>
   </div>
   <div class='ocr_carea' id='block_1_3' title="bbox 89 1066 1182 2702">
    <p class='ocr_par' dir='ltr' id='par_1_4' title="bbox 89 1066 1163 1404">
     <span class='ocr_line' id='line_1_7' title="bbox 258 1066 1127 1180; baseline 0.003 -36"><span class='ocrx_word' id='word_1_34' title='bbox 258 1069 348 1170; x_wconf 81' lang='lat' dir='ltr'>Est</span> <span class='ocrx_word' id='word_1_35' title='bbox 338 1103 375 1144; x_wconf 88' lang='lat' dir='ltr'>m</span> <span class='ocrx_word' id='word_1_36' title='bbox 399 1081 515 1144; x_wconf 85' lang='lat' dir='ltr'>eadem</span> <span class='ocrx_word' id='word_1_37' title='bbox 529 1066 754 1180; x_wconf 47' lang='lat' dir='ltr'>{Iirpinorum</span> <span class='ocrx_word' id='word_1_38' title='bbox 770 1069 923 1144; x_wconf 82' lang='lat' dir='ltr'>oratione</span> <span class='ocrx_word' id='word_1_39' title='bbox 934 1077 1062 1160; x_wconf 86' lang='lat' dir='ltr'>XXIII,</span> <span class='ocrx_word' id='word_1_40' title='bbox 1075 1097 1127 1162; x_wconf 78' lang='lat'>42.</span> 
     </span>
     <span class='ocr_line' id='line_1_8' title="bbox 176 1187 1128 1286; baseline -0.001 -21"><span class='ocrx_word' id='word_1_41' title='bbox 176 1200 259 1266; x_wconf 77' lang='lat' dir='ltr'>alius</span> <span class='ocrx_word' id='word_1_42' title='bbox 268 1187 641 1280; x_wconf 67' lang='lat' dir='ltr'>adhuclocusmequeic</span> <span class='ocrx_word' id='word_1_43' title='bbox 658 1193 736 1261; x_wconf 84' lang='lat' dir='ltr'>satis</span> <span class='ocrx_word' id='word_1_44' title='bbox 746 1198 938 1281; x_wconf 84' lang='lat' dir='ltr'>explicatus.</span> <span class='ocrx_word' id='word_1_45' title='bbox 962 1199 1128 1286; x_wconf 84' lang='lat' dir='ltr'>Pergunt=</span> 
     </span>
     <span class='ocr_line' id='line_1_9' title="bbox 89 1299 1163 1404; baseline 0.001 -22"><span class='ocrx_word' id='word_1_46' title='bbox 89 1299 95 1306; x_wconf 40' lang='lat'>&#39;</span> <span class='ocrx_word' id='word_1_47' title='bbox 161 1355 164 1358; x_wconf 96' lang='lat'>·</span> <span class='ocrx_word' id='word_1_48' title='bbox 259 1319 477 1382; x_wconf 82' lang='lat' dir='ltr'>Numidarum</span> <span class='ocrx_word' id='word_1_49' title='bbox 495 1319 751 1404; x_wconf 83' lang='lat' dir='ltr'>paucorumilli</span> <span class='ocrx_word' id='word_1_50' title='bbox 776 1317 905 1402; x_wconf 83' lang='lat' dir='ltr'>quidem</span> <span class='ocrx_word' id='word_1_51' title='bbox 934 1318 1163 1403; x_wconf 81' lang='lat' dir='ltr'>(depopula-&#39;</span> 
     </span>
    </p>

    <p class='ocr_par' dir='ltr' id='par_1_5' title="bbox 260 1435 1129 1521">
     <span class='ocr_line' id='line_1_10' title="bbox 260 1435 1129 1521; baseline -0.003 -19"><span class='ocrx_word' id='word_1_52' title='bbox 260 1435 364 1516; x_wconf 80' lang='lat' dir='ltr'>tores)</span> <span class='ocrx_word' id='word_1_53' title='bbox 394 1437 523 1519; x_wconf 80' lang='lat' dir='ltr'>praeda</span> <span class='ocrx_word' id='word_1_54' title='bbox 556 1451 662 1515; x_wconf 79' lang='lat' dir='ltr'>eruut,</span> <span class='ocrx_word' id='word_1_55' title='bbox 693 1438 957 1521; x_wconf 71' lang='lat' dir='ltr'>praesidiumque</span> <span class='ocrx_word' id='word_1_56' title='bbox 989 1457 1129 1512; x_wconf 76' lang='lat' dir='ltr'>uturum</span> 
     </span>
    </p>

    <p class='ocr_par' dir='ltr' id='par_1_6' title="bbox 259 1535 1130 1640">
     <span class='ocr_line' id='line_1_11' title="bbox 259 1535 1130 1640; baseline -0.001 -20"><span class='ocrx_word' id='word_1_57' title='bbox 259 1535 353 1620; x_wconf 70' lang='lat' dir='ltr'>iobis</span> <span class='ocrx_word' id='word_1_58' title='bbox 374 1559 457 1618; x_wconf 76' lang='lat' dir='ltr'>eric</span> <span class='ocrx_word' id='word_1_59' title='bbox 479 1565 513 1618; x_wconf 77' lang='lat' dir='ltr'>et</span> <span class='ocrx_word' id='word_1_60' title='bbox 534 1557 645 1617; x_wconf 86' lang='lat' dir='ltr'>Nolae</span> <span class='ocrx_word' id='word_1_61' title='bbox 664 1555 818 1616; x_wconf 83' lang='lat' dir='ltr'>ademeris</span> <span class='ocrx_word' id='word_1_62' title='bbox 825 1573 838 1627; x_wconf 89' lang='grc'>,·</span> <span class='ocrx_word' id='word_1_63' title='bbox 861 1549 895 1640; x_wconf 81' lang='lat' dir='ltr'>si</span> <span class='ocrx_word' id='word_1_64' title='bbox 912 1556 1026 1634; x_wconf 87' lang='lat' dir='ltr'>moda,</span> <span class='ocrx_word' id='word_1_65' title='bbox 1048 1578 1130 1640; x_wconf 83' lang='lat' dir='ltr'>quas</span> 
     </span>
    </p>

    <p class='ocr_par' dir='ltr' id='par_1_7' title="bbox 261 1655 1168 1760">
     <span class='ocr_line' id='line_1_12' title="bbox 261 1655 1168 1760; baseline -0.001 -23"><span class='ocrx_word' id='word_1_66' title='bbox 261 1689 299 1737; x_wconf 76' lang='lat' dir='ltr'>ut</span> <span class='ocrx_word' id='word_1_67' title='bbox 319 1671 427 1737; x_wconf 85' lang='lat' dir='ltr'>socios</span> <span class='ocrx_word' id='word_1_68' title='bbox 453 1667 590 1734; x_wconf 78' lang='lat' dir='ltr'>haberes</span> <span class='ocrx_word' id='word_1_69' title='bbox 619 1667 735 1750; x_wconf 79' lang='lat' dir='ltr'>dignos</span> <span class='ocrx_word' id='word_1_70' title='bbox 762 1668 900 1760; x_wconf 65' lang='lat' dir='ltr'>duxisui,</span> <span class='ocrx_word' id='word_1_71' title='bbox 927 1673 1018 1734; x_wconf 80' lang='lat' dir='ltr'>baud</span> <span class='ocrx_word' id='word_1_72' title='bbox 1043 1675 1131 1736; x_wconf 85' lang='lat' dir='ltr'>indi·</span> <span class='ocrx_word' id='word_1_73' title='bbox 1166 1655 1168 1662; x_wconf 20' lang='lat' dir='ltr'>i</span> 
     </span>
    </p>

    <p class='ocr_par' dir='ltr' id='par_1_8' title="bbox 164 1783 1132 1987">
     <span class='ocr_line' id='line_1_13' title="bbox 260 1783 1101 1872; baseline 0.002 -20"><span class='ocrx_word' id='word_1_74' title='bbox 260 1809 344 1872; x_wconf 82' lang='lat' dir='ltr'><em>gnos</em></span> <span class='ocrx_word' id='word_1_75' title='bbox 363 1783 503 1863; x_wconf 86' lang='lat' dir='ltr'>iudicas,</span> <span class='ocrx_word' id='word_1_76' title='bbox 524 1807 607 1870; x_wconf 84' lang='lat' dir='ltr'>quos</span> <span class='ocrx_word' id='word_1_77' title='bbox 627 1789 661 1848; x_wconf 85' lang='lat' dir='ltr'>iu</span> <span class='ocrx_word' id='word_1_78' title='bbox 671 1785 776 1870; x_wconf 86' lang='lat' dir='ltr'>fidem</span> <span class='ocrx_word' id='word_1_79' title='bbox 799 1801 946 1868; x_wconf 79' lang='lat' dir='ltr'>receptos</span> <span class='ocrx_word' id='word_1_80' title='bbox 965 1793 1101 1855; x_wconf 78' lang='lat' dir='ltr'>tuearis.</span> 
     </span>
     <span class='ocr_line' id='line_1_14' title="bbox 164 1895 1132 1987; baseline 0.003 -16"><span class='ocrx_word' id='word_1_81' title='bbox 164 1905 289 1971; x_wconf 77' lang='lat' dir='ltr'>¹Etiam</span> <span class='ocrx_word' id='word_1_82' title='bbox 323 1906 361 1968; x_wconf 89' lang='lat' dir='ltr'>in</span> <span class='ocrx_word' id='word_1_83' title='bbox 394 1903 447 1967; x_wconf 85' lang='lat' dir='ltr'>his</span> <span class='ocrx_word' id='word_1_84' title='bbox 479 1895 572 1987; x_wconf 79' lang='lat' dir='ltr'>prius</span> <span class='ocrx_word' id='word_1_85' title='bbox 607 1900 744 1984; x_wconf 78' lang='lat' dir='ltr'>antiqua</span> <span class='ocrx_word' id='word_1_86' title='bbox 778 1905 919 1968; x_wconf 82' lang='lat' dir='ltr'>vulnera</span> <span class='ocrx_word' id='word_1_87' title='bbox 948 1907 1132 1974; x_wconf 85' lang='lat' dir='ltr'>refricanda</span> 
     </span>
    </p>

    <p class='ocr_par' dir='ltr' id='par_1_9' title="bbox 176 1995 1182 2702">
     <span class='ocr_line' id='line_1_15' title="bbox 181 1995 1132 2106; baseline 0.002 -14"><span class='ocrx_word' id='word_1_88' title='bbox 181 2043 270 2104; x_wconf 79' lang='lat' dir='ltr'>sunt,</span> <span class='ocrx_word' id='word_1_89' title='bbox 302 2037 480 2106; x_wconf 77' lang='lat' dir='ltr'>antequam</span> <span class='ocrx_word' id='word_1_90' title='bbox 509 1995 621 2088; x_wconf 80' lang='lat' dir='ltr'>efficax</span> <span class='ocrx_word' id='word_1_91' title='bbox 648 2015 836 2086; x_wconf 85' lang='lat' dir='ltr'>remedium</span> <span class='ocrx_word' id='word_1_92' title='bbox 869 2011 1035 2091; x_wconf 71' lang='lat' dir='ltr'>adhibeas.</span> <span class='ocrx_word' id='word_1_93' title='bbox 1086 2031 1132 2093; x_wconf 91' lang='lat' dir='ltr'>In</span> 
     </span>
     <span class='ocr_line' id='line_1_16' title="bbox 177 2139 1131 2230; baseline 0.002 -20"><span class='ocrx_word' id='word_1_94' title='bbox 177 2147 275 2210; x_wconf 86' lang='lat' dir='ltr'>nullo</span> <span class='ocrx_word' id='word_1_95' title='bbox 299 2145 372 2207; x_wconf 87' lang='lat' dir='ltr'>cod.</span> <span class='ocrx_word' id='word_1_96' title='bbox 396 2155 565 2226; x_wconf 88' lang='lat' dir='ltr'>comparet</span> <span class='ocrx_word' id='word_1_97' title='bbox 587 2158 655 2203; x_wconf 85' lang='lat' dir='ltr'>vox</span> <span class='ocrx_word' id='word_1_98' title='bbox 677 2139 750 2219; x_wconf 80' lang='lat' dir='ltr'>erit,</span> <span class='ocrx_word' id='word_1_99' title='bbox 779 2157 798 2204; x_wconf 82' lang='lat' dir='ltr'>a</span> <span class='ocrx_word' id='word_1_100' title='bbox 820 2155 1002 2209; x_wconf 81' lang='lat' dir='ltr'>correctore</span> <span class='ocrx_word' id='word_1_101' title='bbox 1024 2152 1131 2230; x_wconf 87' lang='lat' dir='ltr'>profe-</span> 
     </span>
     <span class='ocr_line' id='line_1_17' title="bbox 176 2257 1182 2358; baseline -0.007 -28"><span class='ocrx_word' id='word_1_102' title='bbox 176 2283 235 2330; x_wconf 82' lang='lat' dir='ltr'>cta.</span> <span class='ocrx_word' id='word_1_103' title='bbox 282 2263 412 2328; x_wconf 72' lang='lat' dir='ltr'>Omnes</span> <span class='ocrx_word' id='word_1_104' title='bbox 443 2260 604 2326; x_wconf 86' lang='lat' dir='ltr'>exhibent</span> <span class='ocrx_word' id='word_1_105' title='bbox 628 2257 893 2346; x_wconf 78' lang='lat' dir='ltr'>praesidiumque</span> <span class='ocrx_word' id='word_1_106' title='bbox 919 2267 1047 2331; x_wconf 87' lang='lat' dir='ltr'>missum</span> <span class='ocrx_word' id='word_1_107' title='bbox 1073 2287 1132 2330; x_wconf 87' lang='lat' dir='ltr'>no.</span> <span class='ocrx_word' id='word_1_108' title='bbox 1179 2349 1182 2358; x_wconf 34' lang='grc' dir='ltr'>Ι</span> 
     </span>
     <span class='ocr_line' id='line_1_18' title="bbox 176 2363 1132 2462; baseline -0.004 -13"><span class='ocrx_word' id='word_1_109' title='bbox 176 2387 227 2449; x_wconf 82' lang='lat' dir='ltr'>bis</span> <span class='ocrx_word' id='word_1_110' title='bbox 249 2397 282 2448; x_wconf 77' lang='lat' dir='ltr'>ec</span> <span class='ocrx_word' id='word_1_111' title='bbox 301 2363 414 2462; x_wconf 71' lang='lat' dir='ltr'>Nalm</span> <span class='ocrx_word' id='word_1_112' title='bbox 440 2378 607 2444; x_wconf 77' lang='lat' dir='ltr'>ademerit.</span> <span class='ocrx_word' id='word_1_113' title='bbox 650 2371 796 2442; x_wconf 86' lang='lat' dir='ltr'>Puteani</span> <span class='ocrx_word' id='word_1_114' title='bbox 819 2377 892 2442; x_wconf 92' lang='lat' dir='ltr'>cod.</span> <span class='ocrx_word' id='word_1_115' title='bbox 913 2383 1132 2462; x_wconf 81' lang='lat' dir='ltr'>praesidium·</span> 
     </span>
     <span class='ocr_line' id='line_1_19' title="bbox 176 2495 1131 2588; baseline 0.003 -24"><span class='ocrx_word' id='word_1_116' title='bbox 176 2495 794 2588; x_wconf 72' lang='lat' dir='ltr'>quemisulnobisetnolaeademdemerit.</span> <span class='ocrx_word' id='word_1_117' title='bbox 848 2497 999 2564; x_wconf 86' lang='lat' dir='ltr'>Refinxit</span> <span class='ocrx_word' id='word_1_118' title='bbox 1038 2503 1131 2567; x_wconf 81' lang='lat' dir='ltr'>Guo·</span> 
     </span>
     <span class='ocr_line' id='line_1_20' title="bbox 177 2609 1131 2702; baseline 0.004 -21"><span class='ocrx_word' id='word_1_119' title='bbox 177 2637 330 2682; x_wconf 70' lang='lat' dir='ltr'>uovnrsr</span> <span class='ocrx_word' id='word_1_120' title='bbox 355 2637 406 2694; x_wconf 81' lang='lat' dir='ltr'>pr.</span> <span class='ocrx_word' id='word_1_121' title='bbox 427 2610 548 2676; x_wconf 89' lang='lat' dir='ltr'>simul</span> <span class='ocrx_word' id='word_1_122' title='bbox 568 2612 661 2676; x_wconf 84' lang='lat' dir='ltr'>uobis</span> <span class='ocrx_word' id='word_1_123' title='bbox 681 2623 714 2675; x_wconf 77' lang='lat' dir='ltr'>et</span> <span class='ocrx_word' id='word_1_124' title='bbox 736 2609 847 2676; x_wconf 85' lang='lat' dir='ltr'>Nolae</span> <span class='ocrx_word' id='word_1_125' title='bbox 866 2617 1026 2683; x_wconf 79' lang='lat' dir='ltr'>ademtam</span> <span class='ocrx_word' id='word_1_126' title='bbox 1055 2621 1131 2702; x_wconf 80' lang='lat' dir='ltr'>erit,</span> 
     </span>
    </p>
   </div>
   <div class='ocr_carea' id='block_1_4' title="bbox 155 2724 1245 2818">
    <p class='ocr_par' dir='ltr' id='par_1_10' title="bbox 155 2724 1245 2818">
     <span class='ocr_line' id='line_1_21' title="bbox 155 2724 1245 2818; baseline 0.007 -23"><span class='ocrx_word' id='word_1_127' title='bbox 155 2731 273 2817; x_wconf 71' lang='lat' dir='ltr'>&#39;quod</span> <span class='ocrx_word' id='word_1_128' title='bbox 314 2726 455 2814; x_wconf 87' lang='lat' dir='ltr'>explicat</span> <span class='ocrx_word' id='word_1_129' title='bbox 494 2724 721 2812; x_wconf 82' lang='lat' dir='ltr'>„praesidium</span> <span class='ocrx_word' id='word_1_130' title='bbox 762 2730 861 2794; x_wconf 79' lang='lat' dir='ltr'>nobie</span> <span class='ocrx_word' id='word_1_131' title='bbox 898 2731 960 2797; x_wconf 87' lang='lat' dir='ltr'>erit</span> <span class='ocrx_word' id='word_1_132' title='bbox 987 2739 1132 2818; x_wconf 69' lang='lat' dir='ltr'>(auxili.</span> <span class='ocrx_word' id='word_1_133' title='bbox 1239 2750 1245 2758; x_wconf 93' lang='lat'>&#39;</span> 
     </span>
    </p>
   </div>
   <div class='ocr_carea' id='block_1_5' title="bbox 175 2837 1133 3304">
    <p class='ocr_par' dir='ltr' id='par_1_11' title="bbox 175 2837 1133 3304">
     <span class='ocr_line' id='line_1_22' title="bbox 178 2837 1133 2936; baseline 0.002 -21"><span class='ocrx_word' id='word_1_134' title='bbox 178 2858 299 2936; x_wconf 86' lang='lat' dir='ltr'>„um),</span> <span class='ocrx_word' id='word_1_135' title='bbox 335 2848 435 2916; x_wconf 79' lang='lat' dir='ltr'>simul</span> <span class='ocrx_word' id='word_1_136' title='bbox 471 2851 643 2914; x_wconf 81' lang='lat' dir='ltr'>ademtum</span> <span class='ocrx_word' id='word_1_137' title='bbox 678 2839 741 2911; x_wconf 89' lang='lat' dir='ltr'>erit</span> <span class='ocrx_word' id='word_1_138' title='bbox 781 2837 922 2914; x_wconf 77' lang='lat' dir='ltr'>Nolae‘’.</span> <span class='ocrx_word' id='word_1_139' title='bbox 985 2850 1037 2918; x_wconf 87' lang='lat' dir='ltr'>At</span> <span class='ocrx_word' id='word_1_140' title='bbox 1072 2855 1133 2921; x_wconf 87' lang='lat' dir='ltr'>hac</span> 
     </span>
     <span class='ocr_line' id='line_1_23' title="bbox 178 2961 1133 3058; baseline 0 -20"><span class='ocrx_word' id='word_1_141' title='bbox 178 2966 414 3056; x_wconf 70' lang='lat' dir='ltr'>explicatione,</span> <span class='ocrx_word' id='word_1_142' title='bbox 435 2985 617 3052; x_wconf 80' lang='lat' dir='ltr'>utcumque</span> <span class='ocrx_word' id='word_1_143' title='bbox 640 2961 779 3033; x_wconf 77' lang='lat' dir='ltr'>verteris</span> <span class='ocrx_word' id='word_1_144' title='bbox 802 2969 921 3049; x_wconf 80' lang='lat' dir='ltr'>verba,</span> <span class='ocrx_word' id='word_1_145' title='bbox 943 2969 1069 3058; x_wconf 88' lang='lat' dir='ltr'>duplici</span> <span class='ocrx_word' id='word_1_146' title='bbox 1092 2977 1133 3040; x_wconf 78' lang='lat' dir='ltr'>ci-</span> 
     </span>
     <span class='ocr_line' id='line_1_24' title="bbox 177 3071 1132 3178; baseline 0.006 -24"><span class='ocrx_word' id='word_1_147' title='bbox 177 3087 393 3176; x_wconf 84' lang='lat' dir='ltr'>gnificarione</span> <span class='ocrx_word' id='word_1_148' title='bbox 417 3105 570 3156; x_wconf 85' lang='lat' dir='ltr'>sumetur</span> <span class='ocrx_word' id='word_1_149' title='bbox 592 3071 852 3172; x_wconf 84' lang='lat' dir='ltr'>„praesidium”,</span> <span class='ocrx_word' id='word_1_150' title='bbox 881 3107 914 3157; x_wconf 83' lang='lat' dir='ltr'>et</span> <span class='ocrx_word' id='word_1_151' title='bbox 935 3113 996 3177; x_wconf 90' lang='lat' dir='ltr'>pro</span> <span class='ocrx_word' id='word_1_152' title='bbox 1019 3096 1132 3178; x_wconf 85' lang='lat' dir='ltr'>„auxi-</span> 
     </span>
     <span class='ocr_line' id='line_1_25' title="bbox 175 3203 1133 3304; baseline 0.006 -30"><span class='ocrx_word' id='word_1_153' title='bbox 175 3211 245 3300; x_wconf 73' lang='lat' dir='ltr'>lio”</span> <span class='ocrx_word' id='word_1_154' title='bbox 274 3226 307 3276; x_wconf 92' lang='lat' dir='ltr'>et</span> <span class='ocrx_word' id='word_1_155' title='bbox 328 3231 389 3295; x_wconf 88' lang='lat' dir='ltr'>pro</span> <span class='ocrx_word' id='word_1_156' title='bbox 416 3206 583 3299; x_wconf 78' lang='lat' dir='ltr'>militibus</span> <span class='ocrx_word' id='word_1_157' title='bbox 606 3203 689 3291; x_wconf 86' lang='lat' dir='ltr'>„qui</span> <span class='ocrx_word' id='word_1_158' title='bbox 719 3205 844 3300; x_wconf 85' lang='lat' dir='ltr'>auxilio</span> <span class='ocrx_word' id='word_1_159' title='bbox 874 3219 981 3276; x_wconf 83' lang='lat' dir='ltr'>sunt”.</span> <span class='ocrx_word' id='word_1_160' title='bbox 1028 3216 1133 3304; x_wconf 77' lang='lat' dir='ltr'>Quod</span> 
     </span>
    </p>
   </div>
   <div class='ocr_carea' id='block_1_6' title="bbox 177 3328 1251 3423">
    <p class='ocr_par' dir='ltr' id='par_1_12' title="bbox 177 3328 1251 3423">
     <span class='ocr_line' id='line_1_26' title="bbox 177 3328 1251 3423; baseline 0 -29"><span class='ocrx_word' id='word_1_161' title='bbox 177 3328 309 3394; x_wconf 86' lang='lat' dir='ltr'>nemini</span> <span class='ocrx_word' id='word_1_162' title='bbox 331 3333 459 3412; x_wconf 86' lang='lat' dir='ltr'>placere</span> <span class='ocrx_word' id='word_1_163' title='bbox 481 3343 601 3413; x_wconf 72' lang='lat' dir='ltr'>potest.</span> <span class='ocrx_word' id='word_1_164' title='bbox 625 3331 681 3394; x_wconf 88' lang='lat' dir='ltr'>Ne</span> <span class='ocrx_word' id='word_1_165' title='bbox 704 3345 885 3423; x_wconf 86' lang='lat' dir='ltr'>opponam,</span> <span class='ocrx_word' id='word_1_166' title='bbox 909 3330 1001 3419; x_wconf 87' lang='lat' dir='ltr'>quod</span> <span class='ocrx_word' id='word_1_167' title='bbox 1020 3356 1038 3398; x_wconf 88' lang='lat' dir='ltr'>e</span> <span class='ocrx_word' id='word_1_168' title='bbox 1060 3337 1133 3420; x_wconf 89' lang='lat' dir='ltr'>plu·</span> <span class='ocrx_word' id='word_1_169' title='bbox 1181 3361 1185 3368; x_wconf 63' lang='lat'><strong><em>¹</em></strong></span> <span class='ocrx_word' id='word_1_170' title='bbox 1247 3387 1251 3394; x_wconf 87' lang='lat'><em>.</em></span> 
     </span>
    </p>
   </div>
   <div class='ocr_carea' id='block_1_7' title="bbox 95 3444 1131 3648">
    <p class='ocr_par' dir='ltr' id='par_1_13' title="bbox 95 3444 1131 3648">
     <span class='ocr_line' id='line_1_27' title="bbox 180 3444 1131 3533; baseline 0.008 -23"><span class='ocrx_word' id='word_1_171' title='bbox 180 3447 274 3510; x_wconf 78' lang='lat' dir='ltr'>ribus</span> <span class='ocrx_word' id='word_1_172' title='bbox 297 3447 458 3531; x_wconf 76' lang='lat' dir='ltr'>exemplis</span> <span class='ocrx_word' id='word_1_173' title='bbox 480 3455 516 3530; x_wconf 68' lang='lat' dir='ltr'>l)</span> <span class='ocrx_word' id='word_1_174' title='bbox 545 3444 716 3533; x_wconf 86' lang='lat' dir='ltr'>cognitum</span> <span class='ocrx_word' id='word_1_175' title='bbox 736 3445 812 3512; x_wconf 66' lang='lat' dir='ltr'>ulio</span> <span class='ocrx_word' id='word_1_176' title='bbox 842 3449 917 3514; x_wconf 90' lang='lat' dir='ltr'>loco</span> <span class='ocrx_word' id='word_1_177' title='bbox 944 3453 1131 3532; x_wconf 70' lang='lat' dir='ltr'>uerendum,</span> 
     </span>
     <span class='ocr_line' id='line_1_28' title="bbox 95 3538 1131 3648; baseline 0.009 -19"><span class='ocrx_word' id='word_1_178' title='bbox 95 3625 97 3634; x_wconf 78' lang='grc'><strong>,</strong></span> <span class='ocrx_word' id='word_1_179' title='bbox 178 3567 220 3630; x_wconf 84' lang='lat' dir='ltr'>ab</span> <span class='ocrx_word' id='word_1_180' title='bbox 243 3585 354 3630; x_wconf 87' lang='lat' dir='ltr'>errore</span> <span class='ocrx_word' id='word_1_181' title='bbox 378 3571 637 3648; x_wconf 81' lang='lat' dir='ltr'>repetendorum</span> <span class='ocrx_word' id='word_1_182' title='bbox 655 3538 836 3632; x_wconf 64' lang='lat' dir='ltr'>veriorum</span> <span class='ocrx_word' id='word_1_183' title='bbox 858 3590 930 3635; x_wconf 87' lang='lat' dir='ltr'>non</span> <span class='ocrx_word' id='word_1_184' title='bbox 953 3571 1131 3639; x_wconf 80' lang='lat' dir='ltr'>abhorrere</span> 
     </span>
    </p>
   </div>
   <div class='ocr_carea' id='block_1_8' title="bbox 178 3677 1132 3776">
    <p class='ocr_par' dir='ltr' id='par_1_14' title="bbox 178 3677 1132 3776">
     <span class='ocr_line' id='line_1_29' title="bbox 178 3677 1132 3776; baseline 0.009 -27"><span class='ocrx_word' id='word_1_185' title='bbox 178 3685 353 3750; x_wconf 85' lang='lat' dir='ltr'>librarium</span> <span class='ocrx_word' id='word_1_186' title='bbox 384 3682 500 3750; x_wconf 85' lang='lat' dir='ltr'>eximii</span> <span class='ocrx_word' id='word_1_187' title='bbox 529 3687 603 3752; x_wconf 85' lang='lat' dir='ltr'>cod.</span> <span class='ocrx_word' id='word_1_188' title='bbox 649 3688 761 3776; x_wconf 78' lang='lat' dir='ltr'>Quare</span> <span class='ocrx_word' id='word_1_189' title='bbox 789 3690 902 3773; x_wconf 84' lang='lat' dir='ltr'>potius</span> <span class='ocrx_word' id='word_1_190' title='bbox 922 3677 1008 3764; x_wconf 73' lang='lat' dir='ltr'>&#39;cum</span> <span class='ocrx_word' id='word_1_191' title='bbox 1032 3691 1132 3758; x_wconf 87' lang='lat' dir='ltr'>Goet-</span> 
     </span>
    </p>
   </div>
   <div class='ocr_carea' id='block_1_9' title="bbox 177 3817 565 3840">
    <p class='ocr_par' dir='ltr' id='par_1_15' title="bbox 177 3817 565 3840">
     <span class='ocr_line' id='line_1_30' title="bbox 177 3817 565 3840; baseline 0.005 -8"><span class='ocrx_word' id='word_1_192' title='bbox 177 3817 565 3840; x_wconf 48' lang='grc' dir='ltr'>ιιι-ιι--ι-φ-ι--η-ι-υ...</span> 
     </span>
    </p>
   </div>
   <div class='ocr_carea' id='block_1_10' title="bbox 244 3864 1135 4068">
    <p class='ocr_par' dir='ltr' id='par_1_16' title="bbox 244 3864 1135 4068">
     <span class='ocr_line' id='line_1_31' title="bbox 244 3864 1135 3970; baseline 0.006 -19"><span class='ocrx_word' id='word_1_193' title='bbox 244 3899 272 3964; x_wconf 80' lang='grc'>·)</span> <span class='ocrx_word' id='word_1_194' title='bbox 291 3895 422 3968; x_wconf 78' lang='lat' dir='ltr'>Exempla</span> <span class='ocrx_word' id='word_1_195' title='bbox 433 3908 493 3950; x_wconf 77' lang='lat' dir='ltr'>sunt</span> <span class='ocrx_word' id='word_1_196' title='bbox 506 3895 610 3960; x_wconf 73' lang='lat' dir='ltr'>XXVI,</span> <span class='ocrx_word' id='word_1_197' title='bbox 625 3917 650 3958; x_wconf 87' lang='lat'>1.</span> <span class='ocrx_word' id='word_1_198' title='bbox 669 3893 771 3962; x_wconf 85' lang='lat' dir='ltr'>XXIV,</span> <span class='ocrx_word' id='word_1_199' title='bbox 783 3917 830 3970; x_wconf 81' lang='lat'>4⁰·</span> <span class='ocrx_word' id='word_1_200' title='bbox 850 3864 952 3964; x_wconf 71' lang='lat' dir='ltr'>XXXI.</span> <span class='ocrx_word' id='word_1_201' title='bbox 966 3915 1007 3960; x_wconf 70' lang='lat' dir='ltr'>rr.</span> <span class='ocrx_word' id='word_1_202' title='bbox 1021 3914 1048 3958; x_wconf 82' lang='lat' dir='ltr'>et</span> <span class='ocrx_word' id='word_1_203' title='bbox 1060 3902 1135 3967; x_wconf 78' lang='lat' dir='ltr'>alibi,</span> 
     </span>
     <span class='ocr_line' id='line_1_32' title="bbox 265 3988 887 4068; baseline 0.006 -56"><span class='ocrx_word' id='word_1_204' title='bbox 265 3988 270 4012; x_wconf 65' lang='grc' dir='ltr'><strong>ι</strong></span> <span class='ocrx_word' id='word_1_205' title='bbox 437 4007 441 4014; x_wconf 92' lang='grc'><strong>,</strong></span> <span class='ocrx_word' id='word_1_206' title='bbox 784 4007 816 4068; x_wconf 69' lang='lat' dir='ltr'><strong>G</strong></span> <span class='ocrx_word' id='word_1_207' title='bbox 882 4031 887 4046; x_wconf 53' lang='lat'>,</span> 
     </span>
    </p>
   </div>
   <div class='ocr_carea' id='block_1_11' title="bbox 728 4162 738 4198">
    <p class='ocr_par' dir='ltr' id='par_1_17' title="bbox 728 4162 738 4198">
     <span class='ocr_line' id='line_1_33' title="bbox 728 4162 738 4198; baseline 0 0"><span class='ocrx_word' id='word_1_208' title='bbox 728 4162 738 4198; x_wconf 76' lang='lat' dir='ltr'>l</span> 
     </span>
    </p>
   </div>
   <div class='ocr_carea' id='block_1_12' title="bbox 0 0 1462 4826">
    <p class='ocr_par' dir='ltr' id='par_1_18' title="bbox 0 0 1462 4826">
     <span class='ocr_line' id='line_1_34' title="bbox 0 0 1462 4826; baseline 0 0"><span class='ocrx_word' id='word_1_209' title='bbox 0 0 1462 4826; x_wconf 95' lang='lat' dir='ltr'> </span> 
     </span>
    </p>
   </div>
  </div>
 </body>
</html>
