2922 4820
152 547 202 608 do'
229 539 484 628 proveniunta
512 537 722 621 pudore,·.ab
750 534 808 612 ira,
837 551 870 602 et
898 537 972 614 aliis
1001 539 1107 604 animi

152 658 473 750 perturbationibus.
524 659 599 721 Jam
630 673 723 721 recte
745 656 849 722 dicas:
891 661 965 734 „Ita
995 661 1109 753 delinit

156 797 288 865 „metus
311 779 456 852 animos,
485 791 523 840 ut
545 797 624 859 prae
645 797 797 838 necarere.
811 776 980 840 nescirent
1001 777 1109 843 homi·

153 923 237 982 „nes
260 896 343 980 quid
366 902 534 980 agerent”.
565 896 616 959 At
639 893 771 958 nemini
793 916 874 958 sano
899 896 980 960 haec
1000 895 1109 961 inver-

154 1037 223 1085 tere
246 1017 405 1101 placebit:
436 1014 639 1096 „Silentium
664 1030 696 1078 et
717 1014 884 1078 moestitia
906 1015 1019 1079 defixit
1042 1017 1110 1080 ani·

154 1161 240 1213 mos,
268 1152 307 1201 ut
332 1131 411 1219 urae
439 1151 525 1200 metu
548 1149 609 1222 etc.
654 1113 814 1197 Similiter
843 1135 952 1198 dicere
979 1134 1108 1200 licebitr

155 1261 301 1340 „Tantm
323 1252 398 1340 fuit
421 1227 567 1335 gernicns,
592 1267 630 1314 ut
649 1276 732 1334 prae
759 1255 875 1316 dolore
895 1268 955 1318 etc.
1000 1255 1110 1330 „Tan-

155 1390 229 1454 „tus
245 1369 318 1460 fnit,
338 1374 470 1448 clamor,
492 1386 530 1432 uc
542 1393 628 1452 prae
648 1371 798 1432 laetitia”
821 1387 881 1434 etc.
905 1391 990 1454 quae
1006 1393 1109 1435 nemo

155 1481 306 1576 scriptori
324 1467 470 1564 tribuet,
500 1488 559 1570 qui
588 1511 755 1570 nusquam
787 1468 939 1554 obscurat
969 1512 1110 1556 acumen

154 1613 287 1698 ingenii
309 1610 439 1673 lumine
463 1609 684 1688 eloquentiae.
1034 1583 1043 1594 ⁸

239 1743 386 1806 Difficile
421 1753 472 1801 est
504 1741 683 1806 emendare
715 1741 799 1812 loca,
832 1739 901 1815 ubi,
935 1743 1110 1824 expuncti.

156 1881 242 1941 quae
265 1865 402 1946 sensum
425 1872 633 1938 pervertunt,
656 1854 744 1916 nihil
767 1857 949 1919 admodum
971 1862 1012 1920 ad
1037 1875 1127 1924 ren-¹

158 1977 298 2046 tentiam
327 1976 486 2058 requiras.
532 1976 689 2038 Ceterum
714 1973 749 2036 si
771 1976 881 2038 delere
910 1983 980 2038 uon
1003 1977 1111 2057 liceat,

157 2117 253 2178 quae,
283 2095 374 2158 unde
404 2067 586 2168 venerint,
607 2092 798 2173 quibusque
828 2073 1032 2175 explicandis
1060 2097 1108 2160 irr-

132 2215 344 2312 ,servierim
376 2235 449 2276 non
481 2214 701 2286 demonstres,
735 2212 914 2286 accuratius
947 2237 1112 2299 perpensa
1162 2192 1167 2210 θ

127 2419 130 2426 μ
157 2333 323 2399 sententia
346 2333 382 2394 in
406 2313 469 2394 hac
491 2329 651 2412 scriptura
674 2330 873 2411 acquiesces.

164 2475 171 2480 ·
241 2456 320 2515 Non
344 2449 425 2537 fnit
459 2451 611 2512 tumuitus
639 2451 696 2510 ille
721 2471 779 2511 ricc
800 2427 910 2532 pavori
929 2493 972 2515 ...
991 2452 1047 2513 sed
1069 2450 1109 2515 si·
1181 2442 1187 2452 ⁵

240 2572 373 2633 lentium
401 2569 496 2629 triste
520 2587 560 2628 ac
585 2569 693 2626 tacita
719 2571 881 2630 moestitia
907 2571 959 2630 ita
991 2567 1111 2654 defixit
1180 2542 1200 2600 Ἰ·

245 2687 382 2747 omnium
407 2686 548 2754 animos,
576 2694 614 2740 uc
642 2701 798 2741 erarium
828 2683 926 2744 obtin·
952 2687 1034 2766 qnid
1058 2709 1109 2747 re.

242 2803 443 2886 linquerent,
471 2797 553 2882 quid
579 2817 679 2857 secum
691 2791 830 2882 serrone
850 2838 892 2860 ...
914 2819 997 2860 nunc
1013 2803 1048 2862 in
1067 2803 1110 2863 tr.

240 2917 375 2982 minibus
396 2927 522 2978 starent
540 2887 601 2977 istc.
635 2939 639 2948 ’

58 3122 60 3126 .
156 3036 331 3112 Immanis,
364 3031 499 3116 inquit,
520 3026 673 3098 mutandi
698 3023 854 3096 'audaciai
892 3027 989 3120 Quae
1018 3030 1111 3100 nulla

158 3173 214 3222 aut
235 3155 321 3220 levis
343 3167 402 3220 est.
446 3155 536 3217 Nam
557 3151 658 3230 pindo
680 3165 712 3213 et
742 3141 852 3256 imm
869 3137 1040 3234 ¹quantum
1061 3150 1110 3220 in.

88 3275 97 3288 ”
161 3289 211 3337 ter
232 3297 267 3337 se
290 3277 435 3338 distant?
455 3271 504 3336 Ut
526 3291 570 3334 ne
593 3271 777 3353 praeferam
798 3265 909 3333 lenius
932 3290 975 3336 sc.
995 3273 1111 3356 proin.

56 3369 64 3380 ⁴
162 3391 213 3464 de,
237 3389 387 3472 gnaviter
405 3389 613 3456 vindicatum
636 3406 655 3452 a
675 3385 721 3452 D.
737 3383 951 3453 Rdnttxnrtto
971 3384 1016 3454 'ati
1030 3385 1126 3455 Rue·

161 3508 315 3600 Lupsp.
348 3530 396 3590 3¹·
427 3511 518 3592 quod
547 3505 666 3572 Tacito
695 3501 918 3590 relinquimus
942 3523 980 3574 et
1009 3509 1110 3575 Sallu·
1169 3530 1172 3534 ’

162 3629 237 3704 stio,
269 3627 373 3691 Livio
397 3650 468 3691 non
491 3595 712 3692 obtrudimus.
756 3625 917 3709 Denique
939 3617 1110 3690 ἀσύνδετον

158 3729 296 3832 perinde
318 3746 416 3809 obliti
436 3747 516 3832 quid
536 3749 768 3831 relinquerent,
795 3745 877 3829 quid
900 3759 958 3810 tec.
969 3739 1043 3834 fer.
1063 3767 1109 3812 ne

70 3931 72 3937 ,
160 3865 235 3958 quis
257 3864 331 3932 sine
362 3866 516 3946 exemplo
539 3879 650 3948 putet,
678 3865 836 3926 Tacrrus
858 3857 956 3928 Arm.
983 3866 1054 3944 VI,
1077 3884 1107 3947 7.
