2922 4820
234 224 255 275 0

546 349 758 378 -·····-···
1084 336 1127 399 δι

176 503 331 586 missique
357 475 496 564 Ardeam
522 501 626 580 legati
658 498 704 558 ad
731 495 914 561 Camillum'
937 503 1035 568 Veios
1062 529 1131 568 eum

174 620 377 700 perduxere:
411 639 468 679 seu
501 617 616 700 (quod
645 619 749 696 magis
779 619 909 677 credere
941 621 1039 702 libes,
1067 645 1132 685 nou

174 739 271 816 prius
295 729 483 821 profectum
504 732 546 794 ab
568 733 695 808 Ardea,
723 753 821 815 qnam
848 738 1005 815 corriperis
1032 737 1132 817 legem

179 855 282 914 iatam
290 877 303 926 ς
326 853 418 937 quod
437 871 496 912 uec
511 852 637 910 iniussu
657 851 775 930 populi
786 855 907 912 mutari
917 849 1046 934 finibus
1055 875 1132 934 pos·

125 1049 128 1054 ,
178 947 240 1045 set,
255 993 314 1032 uec
341 971 407 1031 nisi
428 969 577 1029 dictator
605 967 715 1027 dictus
741 969 889 1048 auspiciu
917 971 953 1029 iu
985 971 1132 1030 exercitu

180 1088 324 1165 babere)
345 1090 401 1148 lex
416 1088 549 1146 curiata
565 1085 638 1147 luta
660 1092 710 1144 est
721 1084 932 1168 dictatorque
952 1085 1067 1148 absens
1083 1088 1132 1148 dr·-

179 1217 266 1276 ecus,
302 1203 444 1266 Notavit
475 1203 516 1262 nd
542 1201 576 1262 h.
600 1203 622 1262 l.
646 1203 835 1264 Desertus:
864 1201 983 1288 „Quid
1005 1203 1047 1266 sit
1068 1227 1133 1266 uru-

179 1292 280 1402 „tari
294 1322 425 1410 finibus
457 1323 555 1384 docet
584 1320 780 1384 Gronovius
817 1320 962 1384 Observ.
991 1325 1074 1399 III,¹
1102 1343 1131 1386 r.

178 1443 340 1534 „Vellem
364 1443 468 1506 etiam
497 1439 711 1523 explicuisset
740 1461 876 1530 sensum
898 1438 1000 1504 huius
1028 1441 1133 1523 perio-

179 1561 249 1641 „di,
273 1583 375 1641 quem
396 1563 496 1643 plane
525 1581 598 1624 non
621 1565 811 1638 assequor''.
859 1559 965 1622 Cuius
988 1560 1054 1624 viri
1076 1583 1135 1624 vo-

180 1680 302 1744 luntati
331 1701 408 1740 cum
430 1699 542 1760 neque
570 1681 901 1746 Dssxsssoscmus
932 1679 1134 1768 satisfecerit,

182 1819 296 1892 neque
323 1795 409 1858 alius
438 1795 617 1876 qnisquam
647 1794 870 1858 recentiorum
906 1797 1135 1879 interpretum,

177 1937 306 1998 operae
329 1914 474 1996 pretium
498 1913 560 1976 erit
587 1915 702 1994 p'aullo
732 1907 876 1976 curatius
906 1913 1066 1980 disserere
1096 1919 1138 1980 de

182 2037 270 2098 loco.
314 2023 371 2095 Ac
401 2032 549 2114 primum
577 2031 833 2094 meminerimus
861 2033 1021 2114 duplicis,
1051 2056 1136 2115 quae

182 2153 264 2218 olim
288 2149 446 2225 obtinuit,
470 2151 578 2212 lamae
601 2152 642 2216 de
663 2150 773 2213 reditu
798 2151 949 2213 Camilli:
977 2152 1071 2216 cuius
1098 2154 1135 2216 li·

182 2288 233 2346 cet
255 2293 358 2354 pauca
380 2269 492 2333 relicta
515 2270 583 2332 sint
604 2268 757 2353 vestigia,
779 2269 817 2332 in
840 2286 930 2333 tanta
951 2271 1071 2336 iactura
1088 2274 1137 2336 hi·
1186 2337 1189 2342 ,

117 2427 121 2442 ‹
182 2391 390 2465 storicorum,
419 2407 533 2453 tamen
557 2387 664 2470 qualis
688 2387 787 2450 fuerit
817 2391 992 2472 perspicue
1015 2366 1135 2458 intelli-

183 2510 281 2594 gitur.
331 2511 486 2583 'Fuerunt
520 2507 579 2587 qui
613 2508 789 2582 traderent,
824 2509 1014 2586 Camillum,
1047 2529 1136 2595 post·

184 2649 284 2709 quam
307 2628 394 2689 fama
417 2624 545 2688 obsessi
567 2624 725 2705 Capitolii
747 2644 945 2706 pervenerat
971 2628 1134 2708 Ardeam,

184 2745 245 2808 ubi
267 2747 449 2820 exsulabat,
473 2721 545 2808 sive
569 2765 628 2806 sua
650 2741 755 2825 ipsius
786 2747 969 2840 voluntate,
992 2747 1064 2814 sive
1086 2750 1135 2814 in.

184 2865 329 2929 vitatum
351 2886 370 2929 a
392 2866 533 2946 populo,
556 2863 743 2950 profectum
757 2861 867 2926 Veios
883 2865 1005 2928 ducem
1027 2837 1062 2930 se
1076 2869 1136 2930 rni-

183 2984 299 3049 litibus
321 2982 531 3066 praebuisse:
554 2981 635 3045 inde
657 2971 919 3048 devictisluatlis
943 3003 1136 3050 revocatum

186 3107 226 3166 ab
249 3101 368 3167 exsilio
387 3101 650 3185 triumphantem
664 3103 781 3163 urbem
799 3101 987 3184 ingressum
1015 3115 1135 3188 esses)

255 3269 282 3331 ⁸)
317 3260 397 3312 Plura
428 3273 488 3313 sunt
519 3239 627 3332 vestigia
659 3263 713 3314 eius
748 3261 819 3332 apud
857 3275 978 3316 suctores
1011 3267 1070 3338 qui'
1088 3267 1135 3320 ad·

188 3359 242 3423 ltus
262 3371 372 3420 exstant,
396 3362 527 3432 imprimis
546 3364 677 3426 minores;
701 3364 772 3434 apud
793 3362 898 3416 nullum
916 3365 1012 3418 clarius
1030 3385 1136 3439 expres·
1191 3423 1202 3435 ,

189 3477 217 3514 sa
243 3475 322 3529 quam
347 3462 417 3530 apud
441 3464 483 3518 lo.
508 3455 737 3518 suessiones
760 3464 860 3517 Policr.
887 3466 950 3519 Lib.
972 3466 1003 3520 V.
1030 3486 1058 3538 p.
1076 3485 1134 3535 277.

130 3538 137 3544 .
190 3560 324 3615 Camillus
345 3565 474 3635 ingratae
492 3569 664 3637 compatiens
682 3570 798 3638 patriae
816 3568 923 3622 eosdem
948 3567 1079 3640 (Gallos),
1093 3592 1134 3624 ce.

186 3662 269 3726 cidit,
287 3681 382 3715 aurum
401 3662 531 3730 abstulit,
549 3665 738 3722 Romanorum
754 3668 869 3740 aquilas
885 3675 1054 3742 reportavit·
1075 3674 1134 3728 Ita·
1221 3689 1223 3696 ’

188 3781 241 3835 que
257 3761 460 3830 ab'exsilio
478 3782 672 3822 renouatus
695 3774 809 3824 tertio
832 3762 1133 3841 triumphantur.

186 3863 257 3918 bem
272 3867 283 3918 i
290 3883 462 3940 regressus
481 3870 544 3932 et't,
565 3882 593 3921 et
607 3867 768 3941 appellatus
786 3867 919 3924 secundus
932 3869 1066 3930 Romulus
1081 3887 1132 3932 etc.
1153 3923 1155 3930 ,
