2886 4832
328 581 411 647 tium
435 579 557 644 iterum
580 561 797 644 eriimendum
821 597 869 646 est
891 583 1007 648 L1V1o
1031 583 1152 661 XXII,
1167 603 1220 670 43.
1245 581 1289 652 Ji

326 725 423 788 quum
445 704 525 782 ipsis
546 703 665 761 eastris
684 703 943 780 percommodum
963 699 1052 786 fnit;
1074 717 1142 766 tum
1163 710 1287 770 saluta·

325 846 361 884 re
378 823 556 903 praecipua
569 811 728 903 futurum
751 831 836 892 erat,
857 841 953 903 qaam
977 826 1077 884 aciem
1102 826 1286 906 dirigerent

323 943 390 1021 ipsi
410 940 531 1015 aversi,
554 951 647 1019 terga
665 950 792 997 tantum
814 931 950 1022 afflante
972 953 1081 1014 nerito,
1109 945 1144 1003 in
1167 943 1283 1004 obcae-

218 1049 239 1082 ’·
325 1071 432 1118 catum
459 1057 596 1137 pulvere
622 1074 753 1114 atarto
787 1058 911 1148 bostem
937 1063 1137 1138 pugnaturi..
1171 1062 1283 1128 Scribe

324 1194 468 1240 ocrvso.
513 1175 561 1239 V.
587 1177 778 1237 Gnoaovn
802 1159 886 1237 ob's.
911 1177 980 1252 IV,
1006 1195 1056 1244 21·

400 1412 516 1497 ¹Magis
540 1412 732 1474 obscuratus
761 1425 811 1493 est
839 1431 958 1476 sensus
983 1416 1220 1504 eodemnlibro
1250 1439 1276 1484 c.
1309 1477 1312 1484 .

320 1555 372 1615 41.
403 1537 552 1598 Ceteram
566 1533 746 1594 temeritati
768 1533 907 1594 consulis
929 1557 969 1595 ac
987 1558 1210 1618 praepropero
1229 1541 1278 1600 tes

315 1659 411 1738 genio
434 1651 603 1712 materiam
618 1653 723 1710 ¹etiam
741 1643 886 1734 fortuna
908 1653 1020 1744 dedit:
1045 1657 1135 1739 qnod
1146 1659 1180 1717 in
1199 1678 1276 1738 pro·

318 1742 469 1836 bibendis
496 1767 770 1849 praedatoribus,
814 1772 1030 1834 tumultuario
1068 1776 1195 1854 proelio
1230 1792 1278 1835 Aa

314 1912 475 1975 procursu
504 1890 608 1969 magis
631 1889 769 1950 militum
795 1911 892 1974 qnam
920 1913 963 1952 ex
986 1907 1191 1973 praeparato
1220 1908 1275 1954 ant

317 2013 406 2072 iustu
427 2012 658 2090 imperatorum
688 2021 777 2083 orto,
804 2008 895 2068 hand
922 2030 1086 2091 quaquam
1104 2033 1170 2090 par
1194 2013 1276 2072 Poe-

315 2132 367 2190 nis
394 2126 563 2186 dimicatio
578 2117 667 2208 snit:
712 2123 951 2190 Difficultatem
974 2120 1008 2184 h.
1031 2125 1072 2198 l.,
1095 2147 1161 2204 qua
1182 2127 1273 2189 haud
1327 2137 1334 2156 “

313 2245 434 2318 leviter
455 2241 619 2324 premitur
639 2239 814 2314 sententia,
838 2261 926 2301 unua
950 2255 1044 2302 acute
1063 2242 1168 2305 sensit
1181 2245 1272 2307 Vos·

315 2383 398 2426 s1ns.
444 2362 541 2432 Sane,
562 2373 607 2442 ¹ut
635 2353 836 2418 constructio
861 2337 992 2420 constet
1020 2358 1132 2448 aliquo
1156 2365 1273 2440 modo,

294 2480 466 2566 ¹addenda
488 2476 550 2540 erit
578 2497 663 2539 vox:
680 2476 809 2556 „quod
833 2473 869 2537 in
892 2465 1113 2557 brohibendis
1136 2484 1270 2563 praeda·

310 2597 475 2681 ‚,toribus,
501 2593 719 2658 tumultuario
749 2594 880 2679 proelio
910 2617 946 2657 ac
968 2619 1131 2679 procursu
1158 2602 1268 2686 magis

309 2717 479 2799 „militum
508 2735 609 2798 quam
639 2735 679 2778 ex
701 2731 895 2797 praeparato
920 2732 976 2780 aut
1005 2718 1098 2780 iussu
1129 2718 1267 2803 impera-

308 2811 454 2919 „torum
471 2857 587 2919 pugna
613 2839 703 2896 orta'’
734 2850 794 2898 etc.
849 2835 993 2918 corrigit
1031 2839 1189 2902 vossws
1219 2863 1267 2904 eac

304 2975 513 3040 procursu
547 2967 606 3014 etc.
658 2949 771 3013 Aliud
803 2953 1265 3041 quaerimussNotumkest

306 3074 403 3138 Livii
426 3087 458 3136 et
481 3070 637 3134 omnium
660 3070 894 3150 historicorum
924 3073 1074 3136 variandi
1097 3078 1264 3159 praeposi.

307 3190 417 3255 tiones
440 3173 599 3270 studium,
622 3189 721 3269 etiarn
744 3193 803 3254 ubi
827 3215 861 3256 se
884 3215 955 3254 non
978 3181 1169 3275 respiciunt.
1194 3199 1261 3262 De.

306 3311 410 3393 nique
443 3311 556 3393 potius
590 3309 669 3374 dicit
702 3311 831 3390 „oritur
863 3331 975 3393 pugna
1004 3316 1045 3376 ab
1075 3320 1130 3377 re‘'
1160 3338 1260 3397 qnam

306 3412 371 3511 „en
393 3435 459 3493 re’'.
483 3433 520 3505 X,
546 3449 573 3509 3.
606 3433 777 3490 Etruriam
800 3429 956 3490 rebellare
984 3430 1032 3491 ab
1054 3435 1259 3498 Aretinorum

304 3548 519 3611 seditionibus
532 3563 620 3608 motu
636 3561 724 3624 orto,
743 3547 969 3609 nunciabatur.
992 3550 1184 3632 xx1v,-24.
1209 3555 1260 3616 Et

305 3691 401 3752 quum
423 3667 578 3729 tumultus
608 3666 657 3726 ab
685 3643 780 3726 rein
808 3669 942 3747 speciem
971 3675 1137 3733 atrociore
1165 3685 1260 3734 ortae

305 3803 398 3854 esset.
443 3784 813 3877 Quare-scribendum

394 3906 541 3969 Ceterum
567 3907 748 3969 temeritati
778 3903 851 4008 ⁰⁰⁸⁶.
877 3937 922 3952 ··-
954 3909 1125 3971 materiam
1156 3908 1256 3972 etiam
