2916 4826
484 385 726 426 1⁶⁴-
918 397 921 405 ·
1019 381 1095 446 ‚ss

150 538 354 620 „diebantur‘
375 529 489 612 finesl',
513 533 585 624 iure
609 533 766 614 quodam
785 550 898 598 nostro
922 535 974 600 his
998 544 1098 620 oppo·
1179 610 1181 619 Ι
1230 623 1231 634 ¹

113 661 115 668 ’
146 659 253 743 situm
288 657 447 738 quiddam
481 633 751 735 exspectabamus
779 676 817 716 ea
849 655 992 733 ratione,
1034 678 1099 738 qua

151 775 307 858 opposita
339 797 374 838 se
408 772 581 855 excipiunt
620 773 832 851 „consulares
866 773 1026 838 exercitus
1057 786 1127 848 -r‘

151 916 316 976 „parvum
338 892 562 974 praesidium''
581 925 624 938 -
643 893 728 971 „sub
751 889 854 974 signis
877 894 917 954 ad
939 872 1100 975 populan-

111 1039 116 1051 ’
151 1017 256 1094 „dum
272 1015 457 1075 ducebant”
480 1031 523 1058 ¹—-
545 1031 611 1086 „ne
625 1009 858 1091 manipulatim
872 1011 1018 1091 quidem,
1043 1014 1101 1075 se'd

151 1135 342 1213 „latronum
364 1111 467 1193 modo
491 1132 729 1212 procursant'..
750 1128 888 1210 Saepius
908 1129 953 1192 ita
974 1129 1102 1215 ,inora-

153 1251 304 1314 tionibus
327 1249 451 1313 Livius
483 1272 516 1312 v.
540 1269 566 1310 c.
589 1244 749 1323 XXVJI,
771 1265 823 1325 44.
848 1264 880 1312 et
903 1249 992 1312 alibit
1037 1253 1103 1315 Sed

151 1384 349 1453 argumento
375 1371 414 1430 ab
438 1389 506 1430 una
530 1365 753 1430 concinnitate
777 1365 892 1448 petitu,
915 1368 989 1448 quis
1012 1392 1103 1434 vero-

152 1492 282 1552 cundus
314 1489 436 1550 tribuat
465 1485 592 1568 aliquid
619 1485 665 1548 in'
686 1485 743 1548 tali
771 1485 956 1569 scriptore?
992 1487 1103 1573 Argu-

152 1627 266 1672 menta
289 1607 325 1669 in
348 1595 507 1690 promptu
531 1621 619 1681 sunt,
650 1627 734 1686 quae
762 1610 981 1689 corruptelam
1003 1610 1110 1671 mani·

154 1727 273 1792 festius
307 1742 456 1819 arguant.
500 1727 589 1786 Nam
618 1723 700 1804 quid
733 1727 867 1788 tandem
900 1726 1009 1788 voluit
1044 1727 1103 1791 illo

148 1847 250 1934 ⁸quod
273 1843 460 1906 maioribus
481 1840 585 1902 literis
608 1841 855 1923 expressimus?
880 1845 1025 1910 Vtrum:
1047 1867 1104 1924 „se

157 1983 287 2044 „prope
316 1959 418 2023 unius
451 1958 609 2041 praesidii
641 1962 797 2042 praedam
831 1983 912 2035 esse,
945 1959 1132 2044 quoniam*

102 2119 106 2126 ·
155 2103 293 2162 „revera
316 2081 384 2140 duo
407 2077 610 2140 fuerint'vel
639 2063 738 2159 plura
766 2078 901 2140 urbium
928 2073 1103 2162 praesidia,

155 2221 264 2282 „quae
287 2221 383 2282 agros
398 2193 625 2279 Hirpinorum
648 2177 874 2283 infestarent''r
897 2198 958 2262 An
978 2215 1114 2285 „prope

156 2324 308 2402 „unum”
351 2316 517 2381 intellexit
557 2317 665 2396 „male
700 2319 840 2398 plenum
883 2320 1104 2401 praesidium'’
1152 2386 1156 2402 s

157 2437 251 2521 quasi
273 2435 513 2520 negligentiam
537 2435 613 2497 duci
635 2437 792 2518 praesidii
812 2443 1024 2520 exprobans?
1045 2441 1107 2504 At·

156 2557 218 2640 qui
239 2577 348 2619 unum
370 2553 434 2616 fuit
455 2557 629 2615 Nolanum
657 2557 871 2636 praesidium,
900 2564 991 2639 quod
1014 2583 1107 2646 urge-

158 2693 208 2741 ret
223 2673 402 2758 Hirpinos,
426 2694 489 2736 nec
510 2675 643 2762 alteram
666 2675 787 2754 patitur
806 2678 956 2742 adverbii
969 2682 1107 2741 relatio·
1202 2712 1206 2717 ·

92 2821 93 2826 ¹
158 2767 241 2860 nem
263 2787 429 2856 adiectum
452 2807 507 2871 „et
529 2790 655 2872 parvi'’.
692 2793 758 2854 Sed
774 2791 927 2869 'forsitam
951 2797 1106 2880 ambigue

81 2923 83 2930 '
107 2938 111 2946 “
138 2917 293 2988 ,locutus
316 2891 463 2996 optimus
486 2926 607 2986 auctor,
631 2909 729 2972 dixit:
759 2929 874 2991 „nunc
896 2913 996 2978 unius
1018 2939 1107 2998 prae·

161 3033 262 3114 „sidii
283 3053 389 3116 prope
411 3031 533 3113 praeda
555 3036 699 3105 suntus”·,
717 3076 718 3080 ,
735 3053 819 3113 quae
843 3033 1037 3099 stvrsntt
1059 3055 1108 3103 est

96 3136 99 3142 ¹
163 3146 337 3217 sententia.
368 3149 443 3214 Scil.
474 3149 532 3232 qui
555 3149 600 3212 ita
622 3171 657 3213 se
681 3150 814 3215 afflictos
842 3173 1027 3234 queruntur
1055 3161 1108 3222 de·
1181 3189 1185 3194 ·

163 3269 404 3334 vastationibus
437 3269 550 3352 paucis
584 3268 781 3346 interiectis,
822 3287 859 3335 ut
899 3293 1007 3354 „vana
1043 3272 1108 3340 iam

165 3388 284 3468 „ducat
298 3390 509 3478 populatores
523 3411 601 3452 suos
615 3391 754 3472 praedae
768 3397 881 3472 spes'’;
904 3415 962 3456 eos
986 3393 1109 3460 dixisse

82 3493 85 3501 ’
164 3499 357 3590 putabimus
379 3505 411 3566 h.
427 3509 449 3568 l.
465 3530 522 3586 „se
537 3495 644 3590 paene
659 3509 814 3590 praedam
835 3533 906 3578 esse
920 3513 1107 3595 praesidii”.

249 3621 322 3686 Vix
345 3638 392 3686 tot
405 3625 516 3689 verbis
536 3626 588 3690 usi
611 3651 758 3692 essemus
771 3630 807 3692 in
822 3631 1052 3696 convincenda
1065 3637 1109 3697 le·

164 3741 287 3820 ctione,
300 3765 399 3827 quam
414 3767 514 3814 neruo
529 3769 611 3824 nou,
625 3747 685 3830 qui
697 3749 793 3812 MSS.
810 3748 970 3814 lectiones
985 3773 1107 3837 cogno·
1132 3775 1134 3779 ’

75 3908 80 3918 .
164 3861 222 3939 rit,
251 3863 426 3930 correctori
456 3863 593 3940 tribuat,
622 3866 687 3930 nisi
715 3889 840 3958 pronos
863 3869 898 3931 in
923 3891 994 3934 earn
1018 3874 1110 3938 vide-¹
1134 3873 1135 3878 ’
