2916 4826
381 371 426 442 78
747 369 964 410 -····-'

378 531 474 598 Haec
495 548 607 597 autem
630 549 715 614 quae
739 529 781 593 sit
802 527 840 592 in
862 529 1000 593 urbium
1022 532 1327 616 oppugnationibus

377 676 463 716 num
491 653 686 736 ambiguum
715 647 875 730 reliquit?
907 653 985 713 Imo
1015 650 1106 716 idem
1132 652 1219 722 dixit
1241 657 1328 736 quod

379 776 428 848 V,
453 776 503 840 26.
535 773 700 833 Interdum
719 791 780 848 per
801 773 1001 832 occasionem
1030 773 1168 850 impetus
1193 775 1327 853 oppido·

275 943 278 954 .
378 915 491 955 norum
512 894 547 952 in
571 891 738 951 Romanas
759 891 921 949 stationes
943 889 1073 968 proelia
1097 911 1209 969 parva
1225 889 1324 974 βατίς

378 1033 423 1075 ne
445 1029 545 1093 porro
569 1007 643 1089 quis
665 1007 764 1069 fidem
788 1005 908 1069 habeat
928 1003 1086 1070 Ernestio
1117 1022 1150 1070 et
1172 1007 1326 1072 Strothio.

463 1257 543 1347 Cap.
569 1275 618 1325 ror
644 1265 762 1324 Hanno
784 1275 866 1321 unus
887 1259 1028 1323 adverso
1049 1275 1164 1322 senatu
1184 1273 1327 1323 caussam

368 1377 524 1475 foederis
546 1397 660 1462 magno
682 1381 812 1438 silentio
828 1390 968 1458 propter
981 1381 1214 1479 puctoricatem
1227 1395 1341 1478 suom,

378 1520 454 1567 non
469 1504 678 1563 adsensum
692 1497 890 1556 audientium
905 1498 978 1575 egit.
998 1496 1133 1558 Revoca
1147 1515 1224 1558 cum
1234 1498 1327 1560 Vos·

379 1639 434 1712 εις)
459 1619 633 1700 antiquum
657 1635 733 1676 non
756 1614 932 1674 adsensu
941 1634 953 1686 ς
985 1617 1094 1695 quod,
1124 1635 1200 1677 cum
1222 1632 1327 1680 cetera

376 1730 594 1823 probabiliter
612 1733 804 1798 emendaret
817 1734 996 1795 Runnurus
1021 1746 1092 1796 non
1111 1733 1254 1799 debebat
1266 1741 1327 1800 sol-

375 1835 504 1921 licitari.
525 1851 799 1937 Exquisitiorcst
820 1853 877 1915 illa
900 1853 1156 1917 constructionis
1177 1854 1327 1932 varietas,

354 1994 409 2065 'et
435 1968 588 2058 scriptori
618 1965 771 2054 impe'nse
800 1974 959 2033 adamata.
1005 1951 1116 2034 Codd.¹
1142 1995 1328 2053 omnesque

375 2095 516 2158 edition.
547 2107 623 2152 ante
657 2087 854 2150 Rubenium
890 2085 1049 2149 exhibent
1086 2110 1155 2148 cum
1180 2091 1328 2152 adsensu.

371 2214 434 2278 Est
456 2226 578 2288 tamen,
601 2209 659 2286 qui
682 2203 812 2265 dubitet
834 2204 877 2267 de
899 2201 1037 2266 veritate
1051 2197 1140 2265 Rub.
1156 2207 1329 2269 correctio-

373 2328 437 2392 nis.
469 2325 644 2402 Nimirum
666 2313 810 2384 levicula
831 2343 867 2385 re
890 2319 1058 2404 deceptus,
1082 2344 1166 2411 quae
1189 2341 1222 2388 et
1244 2325 1329 2390 alios

375 2469 431 2510 vv.
456 2448 511 2506 dd.
535 2445 660 2526 passim
681 2443 768 2503 male
790 2439 900 2504 habet.
923 2438 1000 2516 XL,
1027 2463 1074 2534 ¹5?
1106 2445 1150 2504 Id
1172 2448 1253 2506 enim
1273 2458 1328 2524 (ut

371 2581 465 2650 patre
488 2554 650 2646 indignus
665 2560 795 2641 videar)
817 2536 920 2634 viriis,
943 2581 1020 2622 non
1039 2564 1180 2624 cedendo
1203 2569 1255 2624 cui
1272 2569 1327 2627 ius

361 2679 492 2772 sasque
514 2698 572 2756 est,
595 2697 670 2743 non
694 2681 852 2740 modestia
874 2697 1061 2762 consequar.
1095 2681 1198 2746 Recte
1222 2681 1325 2764 expli.

375 2799 443 2865 cuit
457 2799 558 2864 Drak.
582 2799 715 2862 Tamen
738 2791 858 2860 iterum
872 2791 977 2860 haesit
993 2800 1094 2862 Goth.
1112 2801 1220 2862 editor
1234 2799 1270 2860 in
1286 2801 1323 2863 il-

371 2923 405 2986 lo
429 2943 524 3001 „non
544 2933 658 3004 *autem
681 2935 865 2994 consequar
887 2917 1048 2990 cedendo,
1072 2933 1143 2976 non
1166 2935 1192 2984 c,
1208 2920 1320 2981 mode-

372 3039 487 3122 „stia'’.
517 3040 599 3099 Non
623 3033 787 3096 intellexit
808 3031 1034 3095 Heumannus
1058 3034 1188 3094 Gurt'rrt
1209 3036 1324 3098 locunt

280 3164 305 3188 ·’
371 3161 444 3232 ΙΙΙ,
469 3173 518 3229 12,
544 3175 594 3215 10.
617 3153 671 3215 Ea
684 3155 758 3233 ipsa
780 3171 831 3212 res
847 3151 1043 3216 turbaverat
1053 3143 1214 3237 feminas,
1233 3161 1326 3238 quod

372 3260 542 3353 irrupisse,
575 3290 651 3334 non
680 3255 839 3331 udmissus
865 3265 1051 3331 videbatur.
1102 3270 1199 3353 Cepit
1226 3277 1324 3355 quasi

373 3401 461 3456 esset
487 3389 642 3470 ir‘rupisse
669 3389 825 3467 repulsus,
852 3384 1031 3450 immemor
1054 3387 1156 3453 moris
1184 3392 1324 3470 Persici,

373 3529 440 3592 quo
473 3503 608 3580 admissi
640 3517 769 3566 tantum
807 3503 848 3566 ad
881 3521 975 3588 reges
1013 3506 1320 3576 introducebantur.
1414 3531 1416 3544 ⁴

371 3625 564 3696 Notabilior
586 3637 635 3688 est
656 3627 750 3720 locus
773 3625 906 3688 Tnc'rrr
931 3625 1045 3689 Germ.
1069 3650 1095 3692 c.
1117 3643 1146 3696 2.
1172 3631 1322 3692 Ceterum

378 3747 571 3808 Germaniae
596 3743 787 3806 vocabulum
819 3767 939 3821 recens,
969 3758 1002 3806 ec
1031 3767 1132 3830 nuper
1159 3745 1322 3824 additum,
1415 3773 1416 3780 ¹

370 3867 534 3951 quoniam,
554 3865 613 3950 qui
630 3863 731 3945 primi
751 3861 899 3924 Rhenum
915 3863 1113 3947 transgressi
1136 3863 1249 3928 Gallos
1264 3886 1319 3927 ex·
