2916 4826
253 413 479 478 ·66,
687 419 898 478 -η-ι-

259 549 265 558 ’
325 573 483 652 cabimus
527 576 709 638 Vnumne
732 566 819 656 ΡΑΤ.
844 563 894 638 ΙΙ,
918 546 950 642 7.’
981 559 1108 621 Factum
1139 557 1298 644 Opimii„

325 705 414 794 quod
434 689 678 762 inimicitiarum
707 685 858 769 qssaesita
881 695 956 778 erot
976 681 1077 752 ultio,
1104 678 1209 736 minor
1229 697 1276 735 se·

325 839 403 888 outa
425 799 624 880 auctoritas.
651 819 689 866 et
709 805 785 864 viso
806 801 889 862 ultio
908 773 1056 899 priooto
1076 795 1153 856 odio
1173 793 1276 872 magis

327 961 422 1029 quum
459 931 611 1016 publicae
645 923 833 986 vindictae
847 919 939 978 dato.
997 905 1162 996 Simon,
1205 910 1275 971 Cat.

310 1057 519 1138 ·15.Neque
537 1062 643 1119 tumen
661 1052 794 1102 senatus
817 1037 1022 1117 provinciam
1043 1029 1243 1114 (Pisoni)
1230 1051 1286 1110 ΤΤΤ·Ι

328 1181 419 1242 vitus
432 1171 584 1236 dederot3
602 1161 720 1244 quippe
731 1139 866 1240 foedum
880 1156 1036 1216 homiuem
1049 1175 1070 1211 a
1084 1167 1148 1230 rep.
1161 1147 1278 1229 procui

329 1320 396 1360 esse
417 1285 570 1354 volebat.
593 1278 687 1367 simul
709 1275 816 1336 boui..
838 1272 1037 1354 praesidium
1067 1269 1101 1328 in
1124 1288 1159 1327 eo
1181 1280 1277 1346 puta

329 1415 426 1478 bont:
458 1420 495 1468 et
515 1403 580 1464 iam
600 1413 666 1459 tum
683 1393 835 1474 potentia
864 1389 918 1450 Cn.
944 1388 1092 1466 Pompeii
1114 1381 1278 1467 formido

329 1536 401 1596 losa
421 1539 503 1590 erat
553 1515 606 1580 Sic
636 1510 851 1593 explicandus
880 1509 1038 1568 TAciTus
1068 1502 1157 1565 Hist.
1187 1503 1216 1576 I,
1248 1521 1277 1580 7

335 1649 483 1712 Ceterum
497 1653 636 1719 utraque
651 1631 763 1692 caedes
786 1630 919 1689 sinistre
936 1640 1085 1704 accepta:
1109 1636 1148 1684 et
1169 1624 1277 1682 inviso
1317 1624 1320 1630 '

330 1763 425 1830 semel
453 1757 621 1834 Principe,
641 1771 697 1810 seu
720 1743 797 1806 bene
825 1767 881 1805 seu
898 1744 980 1804 maie
998 1737 1104 1830 satta
1123 1752 1279 1822 premunt.

327 1887 411 1950 Non
433 1880 469 1941 fit
491 1871 646 1938 transitus
669 1885 729 1950 pes
751 1859 955 1946 particulam,
986 1870 1024 1922 ut
1042 1854 1154 1926 visum
1176 1843 1282 1918 Esne?
1360 1869 1364 1882 ⁸

329 2000 404 2077 etio,
434 1997 492 2060 sed
514 1984 701 2072 explicatio,
730 1983 824 2063 quasi
855 1981 1009 2042 dixissen
1047 1978 1229 2054 „nimirum
1254 1971 1282 2036 si
1322 1967 1336 2054 '-

290 2123 293 2132 '
329 2118 457 2214 „semel
483 2107 614 2172 invisus
639 2117 688 2166 est
715 2096 895 2175 Princeps,
929 2111 1000 2154 tum
1029 2093 1100 2156 eive
1130 2095 1218 2153 bene
1241 2090 1281 2152 si-

330 2257 396 2320 „ve
419 2251 512 2296 secus
535 2219 657 2294 fecerit,
681 2219 762 2278 facta
782 2235 859 2276 eum
882 2199 1068 2291 preinunt',
1102 2213 1190 2269 Nam
1210 2228 1281 2286 pre
1327 2225 1329 2242 ι

330 2377 414 2417 mere
442 2347 593 2411 absolute
622 2334 706 2420 poni
740 2332 908 2393 intellecto
947 2349 1029 2390 casu
1058 2323 1280 2409 pronominis,

329 2493 375 2535 ne
398 2463 604 2550 quis'aliena
629 2449 752 2538 cogitet
774 2473 807 2534 v,
829 2471 859 2532 g.
886 2435 1037 2529 premunt
1058 2448 1215 2518 tornines,
1243 2456 1281 2505 ut
1334 2433 1338 2438 ’

246 2597 272 2640 Γ
331 2610 441 2670 nuper
463 2581 576 2648 neseio
600 2573 674 2659 quis
699 2570 750 2651 (in
772 2563 890 2631 Tacito
914 2564 1112 2646 explicando
1135 2538 1210 2644 pius
1233 2561 1280 2623 iu·
1309 2615 1310 2621 ,
1346 2575 1348 2580 ·

297 2724 383 2780 ..sto
405 2691 836 2768 Heautontimorumenos),
856 2705 948 2746 unus
973 2681 1297 2746 Ovidius‘demon·,

260 2873 263 2880 ⁴
334 2842 428 2891 strete
466 2825 511 2898 Et
535 2826 698 2902 premente
727 2806 821 2882 Deo,
839 2797 920 2893 fert
951 2793 1050 2864 Deus
1077 2804 1163 2862 ulter
1183 2821 1280 2880 opertu
1351 2823 1354 2830 ¹

321 2939 470 3010 'Tacitus
493 2939 565 3020 ipse
588 2932 685 2996 Ann.
708 2927 781 3000 ΙΙΙ,
812 2920 862 2995 68.
886 2945 919 2984 v.
945 2923 1107 3002 Gronov·
1137 2919 1179 2978 ad
1199 2917 1279 2978 Liv.

333 3053 508 3132 XXXIV,
524 3073 573 3135 31.
596 3049 649 3112 Ita
670 3038 819 3126 intellige
835 3039 929 3104 Livii
943 3043 1015 3101 loca
1039 3062 1070 3099 v.
1087 3059 1112 3097 Τ.
1127 3024 1280 3111 XXXV,

336 3183 387 3244 Τὺ.
412 3177 476 3240 Sed
494 3167 600 3261 f‘W
621 3180 734 3228 vestra
756 3163 901 3224 orationi
921 3178 984 3220 sion
1006 3158 1217 3218 conveniunt:
1243 3169 1283 3216 et

335 3299 428 3362 uliud
456 3265 615 3356 Antiocho
641 3283 724 3346 iuris
748 3280 935 3352 statuistis,
949 3267 1067 3336 αἰίο’
1054 3275 1119 3353 ipsi
1145 3274 1282 3350 utimini.
1311 3259 1314 3264 ¹

334 3419 384 3482 V
416 3433 466 3481 22.
498 3412 554 3474 ΕΤ
581 3405 653 3466 solo
686 3398 824 3482 pecunia
854 3399 908 3455 iu
916 3391 1009 3475 pub
996 3413 1077 3453 tcum
1113 3360 1282 3468 redigitur,
1345 3459 1347 3470 Ι

335 3537 425 3600 haut
443 3535 512 3596 sine
533 3528 586 3587 iro
605 3514 725 3604 piebis:
750 3530 789 3588 et
807 3512 896 3599 quod
914 3509 1053 3574 retulere
1071 3531 1175 3590 seeum
1185 3530 1283 3588 prae·

337 3655 401 3716 siae
423 3648 574 3718 Liciniae
596 3634 748 3725 familiae
769 3646 932 3712 acceptum
950 3620 1145 3714 referebant.
1190 3621 1285 3688 simi·

335 3770 412 3834 liter
435 3762 563 3830 Graeci.
607 3758 839 3819 Tuoosmnns
862 3749 892 3824 I,
916 3767 967 3827 90·
990 3741 1059 3806 Καὶ
1079 3743 1111 3810 ἐς
1131 3735 1187 3818 Τὴν
1207 3742 1283 3804 Λα.

335 3871 507 3968 κεδαίμονοὶ
527 3870 626 3940 ἐλθών
653 3864 690 3933 osi
720 3861 845 3955 προςῄει
867 3858 943 3950 πρὸς
965 3856 1036 3928 rosio
1062 3853 1173 3944 ἀρχάς,
1203 3852 1284 3924 ἀλλὰ
