<?xml version="1.0" encoding="UTF-8"?>
<!DOCTYPE html PUBLIC "-//W3C//DTD XHTML 1.0 Transitional//EN"
    "http://www.w3.org/TR/xhtml1/DTD/xhtml1-transitional.dtd">
<html xmlns="http://www.w3.org/1999/xhtml" xml:lang="en" lang="en">
 <head>
  <title>
</title>
<meta http-equiv="Content-Type" content="text/html;charset=utf-8" />
  <meta name='ocr-system' content='tesseract 3.04.00' />
  <meta name='ocr-capabilities' content='ocr_page ocr_carea ocr_par ocr_line ocrx_word'/>
</head>
<body>
  <div class='ocr_page' id='page_1' title='image "./emendationesliv00walcgoog_0130.png"; bbox 0 0 2916 4826; ppageno 0'>
   <div class='ocr_carea' id='block_1_1' title="bbox 178 427 1137 808">
    <p class='ocr_par' dir='ltr' id='par_1_1' title="bbox 178 427 1137 808">
     <span class='ocr_line' id='line_1_1' title="bbox 489 427 1136 528; baseline 0.051 -51"><span class='ocrx_word' id='word_1_1' title='bbox 489 469 491 477; x_wconf 30' lang='lat' dir='ltr'><em>s</em></span> <span class='ocrx_word' id='word_1_2' title='bbox 552 431 764 466; x_wconf 83' lang='lat'><strong>····¹···-</strong></span> <span class='ocrx_word' id='word_1_3' title='bbox 845 427 850 440; x_wconf 77' lang='grc'><em>’</em></span> <span class='ocrx_word' id='word_1_4' title='bbox 1068 452 1136 528; x_wconf 81' lang='lat'>115</span> 
     </span>
     <span class='ocr_line' id='line_1_2' title="bbox 180 569 1137 694; baseline 0.055 -65"><span class='ocrx_word' id='word_1_5' title='bbox 180 569 262 632; x_wconf 82' lang='lat' dir='ltr'>darc</span> <span class='ocrx_word' id='word_1_6' title='bbox 283 573 448 650; x_wconf 80' lang='lat' dir='ltr'>potuisse,</span> <span class='ocrx_word' id='word_1_7' title='bbox 478 576 612 636; x_wconf 80' lang='lat' dir='ltr'>militum</span> <span class='ocrx_word' id='word_1_8' title='bbox 638 579 791 646; x_wconf 77' lang='lat' dir='ltr'>honorem</span> <span class='ocrx_word' id='word_1_9' title='bbox 819 611 883 654; x_wconf 87' lang='lat' dir='ltr'>non</span> <span class='ocrx_word' id='word_1_10' title='bbox 911 602 992 667; x_wconf 79' lang='lat' dir='ltr'>dare</span> <span class='ocrx_word' id='word_1_11' title='bbox 1017 620 1137 694; x_wconf 85' lang='lat' dir='ltr'>posse?</span> 
     </span>
     <span class='ocr_line' id='line_1_3' title="bbox 178 687 1044 808; baseline 0.048 -60"><span class='ocrx_word' id='word_1_12' title='bbox 178 689 279 750; x_wconf 89' lang='lat' dir='ltr'>Idem</span> <span class='ocrx_word' id='word_1_13' title='bbox 302 687 440 752; x_wconf 87' lang='lat' dir='ltr'>efficitur</span> <span class='ocrx_word' id='word_1_14' title='bbox 462 713 590 770; x_wconf 88' lang='lat' dir='ltr'>sensus,</span> <span class='ocrx_word' id='word_1_15' title='bbox 620 701 725 762; x_wconf 90' lang='lat' dir='ltr'>modo</span> <span class='ocrx_word' id='word_1_16' title='bbox 749 723 835 772; x_wconf 87' lang='lat' dir='ltr'>recte</span> <span class='ocrx_word' id='word_1_17' title='bbox 859 714 1044 808; x_wconf 84' lang='lat' dir='ltr'>distinguas</span> 
     </span>
    </p>
   </div>
   <div class='ocr_carea' id='block_1_2' title="bbox 178 806 842 890">
    <p class='ocr_par' dir='ltr' id='par_1_2' title="bbox 178 806 842 890">
     <span class='ocr_line' id='line_1_4' title="bbox 178 806 842 890; baseline 0.033 -23"><span class='ocrx_word' id='word_1_18' title='bbox 178 806 319 870; x_wconf 90' lang='lat' dir='ltr'>tionem.</span> <span class='ocrx_word' id='word_1_19' title='bbox 371 808 500 875; x_wconf 81' lang='lat' dir='ltr'>Scribes</span> <span class='ocrx_word' id='word_1_20' title='bbox 541 816 842 890; x_wconf 84' lang='lat' dir='ltr'>Pecurrt&#39;amt&#39;ll</span> 
     </span>
    </p>
   </div>
   <div class='ocr_carea' id='block_1_3' title="bbox 1068 756 1136 800">
    <p class='ocr_par' dir='ltr' id='par_1_3' title="bbox 1068 756 1136 800">
     <span class='ocr_line' id='line_1_5' title="bbox 1068 756 1136 800; baseline 0.088 -5"><span class='ocrx_word' id='word_1_21' title='bbox 1068 756 1136 800; x_wconf 67' lang='grc' dir='ltr'>ΟΜ·</span> 
     </span>
    </p>
   </div>
   <div class='ocr_carea' id='block_1_4' title="bbox 97 842 1171 1054">
    <p class='ocr_par' dir='ltr' id='par_1_4' title="bbox 97 842 1171 1054">
     <span class='ocr_line' id='line_1_6' title="bbox 847 842 1135 919; baseline 0.028 -20"><span class='ocrx_word' id='word_1_22' title='bbox 847 855 905 896; x_wconf 77' lang='lat' dir='ltr'>um</span> <span class='ocrx_word' id='word_1_23' title='bbox 932 842 1031 906; x_wconf 84' lang='lat' dir='ltr'>dure</span> <span class='ocrx_word' id='word_1_24' title='bbox 1057 875 1135 919; x_wconf 73' lang='lat' dir='ltr'>non</span> 
     </span>
     <span class='ocr_line' id='line_1_7' title="bbox 97 921 1171 1054; baseline 0.058 -122"><span class='ocrx_word' id='word_1_25' title='bbox 97 921 100 932; x_wconf 86' lang='lat'>.</span> <span class='ocrx_word' id='word_1_26' title='bbox 174 927 391 1006; x_wconf 79' lang='lat' dir='ltr'>potuisse?</span> <span class='ocrx_word' id='word_1_27' title='bbox 435 933 575 993; x_wconf 74' lang='lat' dir='ltr'>Militem</span> <span class='ocrx_word' id='word_1_28' title='bbox 610 937 764 1004; x_wconf 68' lang='lat' dir='ltr'>bonorem</span> <span class='ocrx_word' id='word_1_29' title='bbox 796 949 878 1013; x_wconf 77' lang='lat' dir='ltr'>dare</span> <span class='ocrx_word' id='word_1_30' title='bbox 912 967 1056 1039; x_wconf 60' lang='lat' dir='ltr'>posset</span> <span class='ocrx_word' id='word_1_31' title='bbox 1079 971 1134 1054; x_wconf 44' lang='grc' dir='ltr'>ΙΙ).</span> <span class='ocrx_word' id='word_1_32' title='bbox 1168 987 1171 994; x_wconf 77' lang='grc'>,</span> 
     </span>
    </p>
   </div>
   <div class='ocr_carea' id='block_1_5' title="bbox 177 1018 1135 1165">
    <p class='ocr_par' dir='ltr' id='par_1_5' title="bbox 177 1018 1135 1165">
     <span class='ocr_line' id='line_1_8' title="bbox 177 1018 1135 1165; baseline 0.051 -59"><span class='ocrx_word' id='word_1_33' title='bbox 177 1042 247 1128; x_wconf 87' lang='lat' dir='ltr'>sius</span> <span class='ocrx_word' id='word_1_34' title='bbox 269 1045 381 1109; x_wconf 89' lang='lat' dir='ltr'>Paulli</span> <span class='ocrx_word' id='word_1_35' title='bbox 411 1061 504 1125; x_wconf 86' lang='lat' dir='ltr'>sunt,</span> <span class='ocrx_word' id='word_1_36' title='bbox 535 1070 620 1132; x_wconf 87' lang='lat' dir='ltr'>quae</span> <span class='ocrx_word' id='word_1_37' title='bbox 651 1018 857 1146; x_wconf 81' lang='lat' dir='ltr'><strong>cavillantur,</strong></span> <span class='ocrx_word' id='word_1_38' title='bbox 883 1079 985 1142; x_wconf 88' lang='lat' dir='ltr'>verba</span> <span class='ocrx_word' id='word_1_39' title='bbox 1028 1083 1135 1165; x_wconf 85' lang='lat' dir='ltr'>„Non</span> 
     </span>
    </p>
   </div>
   <div class='ocr_carea' id='block_1_6' title="bbox 144 1161 1136 1994">
    <p class='ocr_par' dir='ltr' id='par_1_6' title="bbox 144 1161 1133 1994">
     <span class='ocr_line' id='line_1_9' title="bbox 175 1161 1133 1276; baseline 0.057 -55"><span class='ocrx_word' id='word_1_40' title='bbox 175 1161 348 1243; x_wconf 77' lang='lat' dir='ltr'>„fuisse</span> <span class='ocrx_word' id='word_1_41' title='bbox 339 1186 376 1228; x_wconf 84' lang='lat' dir='ltr'>tn</span> <span class='ocrx_word' id='word_1_42' title='bbox 418 1165 526 1250; x_wconf 90' lang='lat' dir='ltr'>ipsius</span> <span class='ocrx_word' id='word_1_43' title='bbox 572 1187 735 1253; x_wconf 82' lang='lat' dir='ltr'>potestate</span> <span class='ocrx_word' id='word_1_44' title='bbox 778 1161 935 1268; x_wconf 81' lang='lat' dir='ltr'>praedam</span> <span class='ocrx_word' id='word_1_45' title='bbox 969 1203 1133 1276; x_wconf 79' lang='lat' dir='ltr'>militibus</span> 
     </span>
     <span class='ocr_line' id='line_1_10' title="bbox 160 1280 1133 1398; baseline 0.061 -63"><span class='ocrx_word' id='word_1_46' title='bbox 160 1280 320 1366; x_wconf 50' lang='lat' dir='ltr'>⁸³‚largiri</span> <span class='ocrx_word' id='word_1_47' title='bbox 356 1301 441 1367; x_wconf 90' lang='lat' dir='ltr'>quae</span> <span class='ocrx_word' id='word_1_48' title='bbox 464 1309 507 1352; x_wconf 89' lang='lat' dir='ltr'>sc</span> <span class='ocrx_word' id='word_1_49' title='bbox 537 1290 577 1353; x_wconf 93' lang='lat' dir='ltr'>P</span> <span class='ocrx_word' id='word_1_50' title='bbox 600 1293 642 1358; x_wconf 83' lang='lat' dir='ltr'>R.</span> <span class='ocrx_word' id='word_1_51' title='bbox 666 1299 777 1379; x_wconf 85' lang='lat' dir='ltr'>fuerit,</span> <span class='ocrx_word' id='word_1_52' title='bbox 806 1331 877 1374; x_wconf 88' lang='lat' dir='ltr'>non</span> <span class='ocrx_word' id='word_1_53' title='bbox 906 1314 1039 1398; x_wconf 76' lang='lat' dir='ltr'>ipsius?</span> <span class='ocrx_word' id='word_1_54' title='bbox 1082 1327 1133 1396; x_wconf 87' lang='lat' dir='ltr'>At</span> 
     </span>
     <span class='ocr_line' id='line_1_11' title="bbox 144 1401 1136 1542; baseline 0.059 -85"><span class='ocrx_word' id='word_1_55' title='bbox 144 1460 146 1464; x_wconf 71' lang='grc'>,</span> <span class='ocrx_word' id='word_1_56' title='bbox 172 1401 233 1480; x_wconf 80' lang='lat' dir='ltr'>„in</span> <span class='ocrx_word' id='word_1_57' title='bbox 268 1403 384 1498; x_wconf 86' lang='lat' dir='ltr'>militis</span> <span class='ocrx_word' id='word_1_58' title='bbox 412 1423 574 1522; x_wconf 84' lang='lat' dir='ltr'>potestate</span> <span class='ocrx_word' id='word_1_59' title='bbox 605 1435 677 1480; x_wconf 86' lang='lat' dir='ltr'>esse</span> <span class='ocrx_word' id='word_1_60' title='bbox 703 1407 877 1493; x_wconf 88' lang='lat' dir='ltr'>honorem</span> <span class='ocrx_word' id='word_1_61' title='bbox 907 1437 1001 1542; x_wconf 75' lang='lat' dir='ltr'>darer</span> <span class='ocrx_word' id='word_1_62' title='bbox 1031 1465 1136 1528; x_wconf 86' lang='lat' dir='ltr'>quam</span> 
     </span>
     <span class='ocr_line' id='line_1_12' title="bbox 171 1511 1132 1642; baseline 0.057 -64"><span class='ocrx_word' id='word_1_63' title='bbox 171 1536 392 1603; x_wconf 78' lang='lat' dir='ltr'>„potestatem</span> <span class='ocrx_word' id='word_1_64' title='bbox 415 1524 506 1590; x_wconf 87' lang='lat' dir='ltr'>nunc</span> <span class='ocrx_word' id='word_1_65' title='bbox 529 1511 765 1612; x_wconf 53' lang='lat' dir='ltr'>experiretur&amp;</span> <span class='ocrx_word' id='word_1_66' title='bbox 811 1549 926 1618; x_wconf 82' lang='lat' dir='ltr'>Simile</span> <span class='ocrx_word' id='word_1_67' title='bbox 908 1561 1037 1642; x_wconf 87' lang='lat' dir='ltr'>equid</span> <span class='ocrx_word' id='word_1_68' title='bbox 1064 1559 1132 1633; x_wconf 79' lang='lat' dir='ltr'>for·</span> 
     </span>
     <span class='ocr_line' id='line_1_13' title="bbox 169 1639 1129 1752; baseline 0.056 -52"><span class='ocrx_word' id='word_1_69' title='bbox 169 1653 258 1702; x_wconf 88' lang='lat' dir='ltr'>tasse</span> <span class='ocrx_word' id='word_1_70' title='bbox 287 1639 374 1705; x_wconf 90' lang='lat' dir='ltr'>vidit</span> <span class='ocrx_word' id='word_1_71' title='bbox 401 1644 603 1712; x_wconf 78' lang='lat' dir='ltr'>Tunusaus.</span> <span class='ocrx_word' id='word_1_72' title='bbox 650 1653 754 1741; x_wconf 73' lang='lat' dir='ltr'>Quod</span> <span class='ocrx_word' id='word_1_73' title='bbox 781 1663 1041 1743; x_wconf 73' lang='lat' dir='ltr'>Parazonrus</span> <span class='ocrx_word' id='word_1_74' title='bbox 1030 1700 1129 1752; x_wconf 87' lang='lat' dir='ltr'>ruter-</span> 
     </span>
     <span class='ocr_line' id='line_1_14' title="bbox 171 1747 1129 1895; baseline 0.059 -81"><span class='ocrx_word' id='word_1_75' title='bbox 171 1773 318 1836; x_wconf 88' lang='lat' dir='ltr'>pretatur</span> <span class='ocrx_word' id='word_1_76' title='bbox 341 1747 404 1839; x_wconf 79' lang='lat' dir='ltr'>„ab</span> <span class='ocrx_word' id='word_1_77' title='bbox 428 1764 545 1827; x_wconf 85' lang='lat' dir='ltr'>animo</span> <span class='ocrx_word' id='word_1_78' title='bbox 568 1757 629 1832; x_wconf 84' lang='lat' dir='ltr'>suo</span> <span class='ocrx_word' id='word_1_79' title='bbox 662 1773 827 1858; x_wconf 88' lang='lat' dir='ltr'>impetrari</span> <span class='ocrx_word' id='word_1_80' title='bbox 856 1808 928 1854; x_wconf 92' lang='lat' dir='ltr'>non</span> <span class='ocrx_word' id='word_1_81' title='bbox 950 1801 1129 1895; x_wconf 82' lang='lat' dir='ltr'>potuisse”‚</span> 
     </span>
     <span class='ocr_line' id='line_1_15' title="bbox 172 1873 1120 1994; baseline 0.057 -61"><span class='ocrx_word' id='word_1_82' title='bbox 172 1873 208 1934; x_wconf 92' lang='lat' dir='ltr'>id</span> <span class='ocrx_word' id='word_1_83' title='bbox 231 1891 264 1940; x_wconf 85' lang='lat' dir='ltr'>et</span> <span class='ocrx_word' id='word_1_84' title='bbox 285 1877 422 1960; x_wconf 78' lang='lat' dir='ltr'>linguae</span> <span class='ocrx_word' id='word_1_85' title='bbox 446 1897 478 1944; x_wconf 91' lang='lat' dir='ltr'>et</span> <span class='ocrx_word' id='word_1_86' title='bbox 501 1889 684 1955; x_wconf 87' lang='lat' dir='ltr'>sententiae</span> <span class='ocrx_word' id='word_1_87' title='bbox 707 1916 845 1977; x_wconf 84' lang='lat' dir='ltr'>prorsus</span> <span class='ocrx_word' id='word_1_88' title='bbox 868 1911 1120 1994; x_wconf 65' lang='lat' dir='ltr'>adversatur..</span> 
     </span>
    </p>
   </div>
   <div class='ocr_carea' id='block_1_7' title="bbox 251 2113 1002 2230">
    <p class='ocr_par' dir='ltr' id='par_1_7' title="bbox 251 2103 1002 2230">
     <span class='ocr_line' id='line_1_16' title="bbox 251 2113 1002 2230; baseline 0.061 -56"><span class='ocrx_word' id='word_1_89' title='bbox 251 2113 353 2180; x_wconf 87' lang='lat' dir='ltr'>Alter</span> <span class='ocrx_word' id='word_1_90' title='bbox 375 2117 469 2214; x_wconf 81' lang='lat' dir='ltr'>locus</span> <span class='ocrx_word' id='word_1_91' title='bbox 492 2122 613 2190; x_wconf 87' lang='lat' dir='ltr'>eodem</span> <span class='ocrx_word' id='word_1_92' title='bbox 636 2146 684 2226; x_wconf 85' lang='lat' dir='ltr'>est</span> <span class='ocrx_word' id='word_1_93' title='bbox 706 2130 793 2200; x_wconf 90' lang='lat' dir='ltr'>libro</span> <span class='ocrx_word' id='word_1_94' title='bbox 818 2161 843 2207; x_wconf 88' lang='lat' dir='ltr'>c.</span> <span class='ocrx_word' id='word_1_95' title='bbox 870 2167 919 2230; x_wconf 81' lang='lat'>39.</span> <span class='ocrx_word' id='word_1_96' title='bbox 999 2129 1002 2136; x_wconf 22' lang='grc' dir='ltr'>Ι</span> 
     </span>
    </p>
   </div>
   <div class='ocr_carea' id='block_1_8' title="bbox 951 2153 1126 2227">
    <p class='ocr_par' dir='ltr' id='par_1_8' title="bbox 951 2153 1126 2227">
     <span class='ocr_line' id='line_1_17' title="bbox 951 2153 1126 2227; baseline 0.074 -12"><span class='ocrx_word' id='word_1_97' title='bbox 951 2153 1040 2225; x_wconf 79' lang='lat' dir='ltr'>Pars</span> <span class='ocrx_word' id='word_1_98' title='bbox 1061 2184 1126 2227; x_wconf 85' lang='lat' dir='ltr'>noa</span> 
     </span>
    </p>
   </div>
   <div class='ocr_carea' id='block_1_9' title="bbox 167 2233 1171 2384">
    <p class='ocr_par' dir='ltr' id='par_1_9' title="bbox 167 2233 1171 2384">
     <span class='ocr_line' id='line_1_18' title="bbox 167 2233 1171 2384; baseline 0.057 -96"><span class='ocrx_word' id='word_1_99' title='bbox 167 2233 298 2294; x_wconf 82' lang='lat' dir='ltr'>minima</span> <span class='ocrx_word' id='word_1_100' title='bbox 320 2239 479 2319; x_wconf 80' lang='lat' dir='ltr'>triumphi</span> <span class='ocrx_word' id='word_1_101' title='bbox 503 2259 553 2304; x_wconf 79' lang='lat' dir='ltr'>est</span> <span class='ocrx_word' id='word_1_102' title='bbox 569 2251 723 2314; x_wconf 82' lang='lat' dir='ltr'>victimae</span> <span class='ocrx_word' id='word_1_103' title='bbox 740 2269 981 2347; x_wconf 80' lang='lat' dir='ltr'>praecedentes,</span> <span class='ocrx_word' id='word_1_104' title='bbox 1010 2292 1049 2339; x_wconf 86' lang='lat' dir='ltr'>ut</span> <span class='ocrx_word' id='word_1_105' title='bbox 1067 2303 1123 2384; x_wconf 81' lang='lat' dir='ltr'>ap·</span> <span class='ocrx_word' id='word_1_106' title='bbox 1170 2325 1171 2328; x_wconf 58' lang='lat'><em>=</em></span> 
     </span>
    </p>
   </div>
   <div class='ocr_carea' id='block_1_10' title="bbox 164 2355 1123 2460">
    <p class='ocr_par' dir='ltr' id='par_1_10' title="bbox 164 2355 1123 2460">
     <span class='ocr_line' id='line_1_19' title="bbox 164 2355 1123 2460; baseline 0.057 -54"><span class='ocrx_word' id='word_1_107' title='bbox 164 2365 286 2432; x_wconf 81' lang='lat' dir='ltr'>pareat</span> <span class='ocrx_word' id='word_1_108' title='bbox 316 2355 401 2416; x_wconf 82' lang='lat' dir='ltr'>Diis</span> <span class='ocrx_word' id='word_1_109' title='bbox 425 2374 540 2438; x_wconf 82' lang='lat' dir='ltr'>grates</span> <span class='ocrx_word' id='word_1_110' title='bbox 562 2384 706 2447; x_wconf 82' lang='lat' dir='ltr'>agentem</span> <span class='ocrx_word' id='word_1_111' title='bbox 729 2376 957 2458; x_wconf 78' lang='lat' dir='ltr'>imperatorem</span> <span class='ocrx_word' id='word_1_112' title='bbox 988 2392 1029 2454; x_wconf 86' lang='lat' dir='ltr'>ob</span> <span class='ocrx_word' id='word_1_113' title='bbox 1057 2421 1123 2460; x_wconf 83' lang='lat' dir='ltr'>rem</span> 
     </span>
    </p>
   </div>
   <div class='ocr_carea' id='block_1_11' title="bbox 94 2461 1122 2598">
    <p class='ocr_par' dir='ltr' id='par_1_11' title="bbox 94 2461 1122 2598">
     <span class='ocr_line' id='line_1_20' title="bbox 94 2461 1122 2598; baseline 0.054 -73"><span class='ocrx_word' id='word_1_114' title='bbox 94 2461 96 2466; x_wconf 67' lang='grc'><strong>’</strong></span> <span class='ocrx_word' id='word_1_115' title='bbox 169 2468 248 2530; x_wconf 84' lang='lat' dir='ltr'>bene</span> <span class='ocrx_word' id='word_1_116' title='bbox 277 2487 405 2578; x_wconf 78' lang='lat' dir='ltr'>gestam</span> <span class='ocrx_word' id='word_1_117' title='bbox 435 2479 552 2542; x_wconf 80' lang='lat' dir='ltr'>redire.</span> <span class='ocrx_word' id='word_1_118' title='bbox 604 2487 778 2554; x_wconf 86' lang='lat' dir='ltr'>Omnesl</span> <span class='ocrx_word' id='word_1_119' title='bbox 751 2494 830 2562; x_wconf 81' lang='lat' dir='ltr'>illas</span> <span class='ocrx_word' id='word_1_120' title='bbox 857 2506 1012 2570; x_wconf 82' lang='lat' dir='ltr'>victimas</span> <span class='ocrx_word' id='word_1_121' title='bbox 1038 2537 1122 2598; x_wconf 82' lang='lat' dir='ltr'>quar</span> 
     </span>
    </p>
   </div>
   <div class='ocr_carea' id='block_1_12' title="bbox 165 2569 1119 2699">
    <p class='ocr_par' dir='ltr' id='par_1_12' title="bbox 165 2569 1119 2699">
     <span class='ocr_line' id='line_1_21' title="bbox 165 2569 1119 2699; baseline 0.053 -52"><span class='ocrx_word' id='word_1_122' title='bbox 165 2589 301 2648; x_wconf 84' lang='lat' dir='ltr'>traduc</span> <span class='ocrx_word' id='word_1_123' title='bbox 293 2569 432 2648; x_wconf 79' lang='lat' dir='ltr'>mdar&#39;</span> <span class='ocrx_word' id='word_1_124' title='bbox 418 2614 452 2652; x_wconf 84' lang='lat' dir='ltr'>an</span> <span class='ocrx_word' id='word_1_125' title='bbox 479 2599 643 2680; x_wconf 77' lang='lat' dir='ltr'>triumpho</span> <span class='ocrx_word' id='word_1_126' title='bbox 671 2605 799 2672; x_wconf 86' lang='lat' dir='ltr'>locavit</span> <span class='ocrx_word' id='word_1_127' title='bbox 825 2613 893 2692; x_wconf 86' lang='lat' dir='ltr'>(ita</span> <span class='ocrx_word' id='word_1_128' title='bbox 923 2625 1119 2699; x_wconf 82' lang='lat' dir='ltr'>Gronovius</span> 
     </span>
    </p>
   </div>
   <div class='ocr_carea' id='block_1_13' title="bbox 150 2694 1120 2813">
    <p class='ocr_par' dir='ltr' id='par_1_13' title="bbox 150 2694 1120 2813">
     <span class='ocr_line' id='line_1_22' title="bbox 150 2694 1120 2813; baseline 0.05 -50"><span class='ocrx_word' id='word_1_129' title='bbox 150 2694 153 2703; x_wconf 45' lang='lat'>¹</span> <span class='ocrx_word' id='word_1_130' title='bbox 165 2703 228 2785; x_wconf 81' lang='lat' dir='ltr'>pro</span> <span class='ocrx_word' id='word_1_131' title='bbox 251 2707 455 2792; x_wconf 78' lang='lat' dir='ltr'>vindicavit)</span> <span class='ocrx_word' id='word_1_132' title='bbox 479 2712 565 2775; x_wconf 84' lang='lat' dir='ltr'>aliar</span> <span class='ocrx_word' id='word_1_133' title='bbox 581 2719 648 2779; x_wconf 83' lang='lat' dir='ltr'>alio</span> <span class='ocrx_word' id='word_1_134' title='bbox 672 2725 826 2788; x_wconf 80' lang='lat' dir='ltr'>caedente</span> <span class='ocrx_word' id='word_1_135' title='bbox 845 2753 1008 2802; x_wconf 85' lang='lat' dir='ltr'>mactate:</span> <span class='ocrx_word' id='word_1_136' title='bbox 1042 2751 1120 2813; x_wconf 85' lang='lat' dir='ltr'>illas</span> 
     </span>
    </p>
   </div>
   <div class='ocr_carea' id='block_1_14' title="bbox 166 2825 1139 2933">
    <p class='ocr_par' dir='ltr' id='par_1_14' title="bbox 166 2825 1139 2933">
     <span class='ocr_line' id='line_1_23' title="bbox 166 2825 1139 2933; baseline 0.048 -49"><span class='ocrx_word' id='word_1_137' title='bbox 166 2825 294 2909; x_wconf 75' lang='lat' dir='ltr'>quidem</span> <span class='ocrx_word' id='word_1_138' title='bbox 328 2828 472 2906; x_wconf 84' lang='lat' dir='ltr'>epulas</span> <span class='ocrx_word' id='word_1_139' title='bbox 502 2847 645 2914; x_wconf 83' lang='lat' dir='ltr'>serratus,</span> <span class='ocrx_word' id='word_1_140' title='bbox 673 2860 758 2923; x_wconf 86' lang='lat' dir='ltr'>quae</span> <span class='ocrx_word' id='word_1_141' title='bbox 788 2867 847 2910; x_wconf 86' lang='lat' dir='ltr'>nec</span> <span class='ocrx_word' id='word_1_142' title='bbox 873 2841 1013 2933; x_wconf 63' lang='lat' dir='ltr'>planato</span> <span class='ocrx_word' id='word_1_143' title='bbox 1045 2847 1139 2930; x_wconf 83' lang='lat' dir='ltr'>toco&#39;</span> 
     </span>
    </p>
   </div>
   <div class='ocr_carea' id='block_1_15' title="bbox 158 2941 1117 3174">
    <p class='ocr_par' dir='ltr' id='par_1_15' title="bbox 163 2941 1117 3174">
     <span class='ocr_line' id='line_1_24' title="bbox 166 2941 1117 3047; baseline 0.049 -47"><span class='ocrx_word' id='word_1_144' title='bbox 166 2963 224 3004; x_wconf 84' lang='lat' dir='ltr'>nec</span> <span class='ocrx_word' id='word_1_145' title='bbox 239 2941 371 3023; x_wconf 82' lang='lat' dir='ltr'>publico</span> <span class='ocrx_word' id='word_1_146' title='bbox 392 2941 540 3031; x_wconf 83' lang='lat' dir='ltr'>profano</span> <span class='ocrx_word' id='word_1_147' title='bbox 557 2953 703 3018; x_wconf 82' lang='lat' dir='ltr'>eduntur</span> <span class='ocrx_word' id='word_1_148' title='bbox 731 2967 853 3040; x_wconf 89' lang='lat' dir='ltr'>(utrum</span> <span class='ocrx_word' id='word_1_149' title='bbox 876 2973 1036 3040; x_wconf 79' lang='lat' dir='ltr'>homiuum</span> <span class='ocrx_word' id='word_1_150' title='bbox 1056 3005 1117 3047; x_wconf 84' lang='lat' dir='ltr'>ao·</span> 
     </span>
     <span class='ocr_line' id='line_1_25' title="bbox 158 3059 950 3174; baseline 0.044 -55.222"><span class='ocrx_word' id='word_1_151' title='bbox 158 3059 303 3140; x_wconf 79' lang='lat' dir='ltr'>luptatis</span> <span class='ocrx_word' id='word_1_152' title='bbox 328 3085 444 3126; x_wconf 85' lang='lat' dir='ltr'>caussa</span> <span class='ocrx_word' id='word_1_153' title='bbox 469 3090 512 3128; x_wconf 84' lang='lat' dir='ltr'>aa</span> <span class='ocrx_word' id='word_1_154' title='bbox 543 3071 695 3136; x_wconf 85' lang='lat' dir='ltr'>Deorum</span> <span class='ocrx_word' id='word_1_155' title='bbox 714 3078 950 3174; x_wconf 79' lang='lat' dir='ltr'>hominumque)</span> 
     </span>
    </p>
   </div>
   <div class='ocr_carea' id='block_1_16' title="bbox 163 3157 1116 3286">
    <p class='ocr_par' dir='ltr' id='par_1_16' title="bbox 163 3157 1116 3286">
     <span class='ocr_line' id='line_1_26' title="bbox 163 3157 1116 3286; baseline 0.055 -51"><span class='ocrx_word' id='word_1_156' title='bbox 163 3177 283 3239; x_wconf 82' lang='lat' dir='ltr'>Servio</span> <span class='ocrx_word' id='word_1_157' title='bbox 310 3180 417 3244; x_wconf 80' lang='lat' dir='ltr'>Galba</span> <span class='ocrx_word' id='word_1_158' title='bbox 437 3157 608 3250; x_wconf 81' lang='lat' dir='ltr'>turbaturi</span> <span class='ocrx_word' id='word_1_159' title='bbox 626 3196 729 3256; x_wconf 81' lang='lat' dir='ltr'>eatis?</span> <span class='ocrx_word' id='word_1_160' title='bbox 755 3201 873 3278; x_wconf 79' lang='lat' dir='ltr'>„Haec</span> <span class='ocrx_word' id='word_1_161' title='bbox 894 3233 966 3275; x_wconf 93' lang='lat' dir='ltr'>non</span> <span class='ocrx_word' id='word_1_162' title='bbox 989 3215 1116 3286; x_wconf 85' lang='lat' dir='ltr'>sincera</span> 
     </span>
    </p>
   </div>
   <div class='ocr_carea' id='block_1_17' title="bbox 144 3296 1184 4018">
    <p class='ocr_par' dir='ltr' id='par_1_17' title="bbox 144 3296 1184 4018">
     <span class='ocr_line' id='line_1_27' title="bbox 162 3296 1115 3410; baseline 0.053 -56"><span class='ocrx_word' id='word_1_163' title='bbox 162 3315 259 3373; x_wconf 74' lang='lat' dir='ltr'>„esse</span> <span class='ocrx_word' id='word_1_164' title='bbox 282 3296 388 3361; x_wconf 87' lang='lat' dir='ltr'>cuivis</span> <span class='ocrx_word' id='word_1_165' title='bbox 410 3317 509 3382; x_wconf 89' lang='lat' dir='ltr'>patet.</span> <span class='ocrx_word' id='word_1_166' title='bbox 557 3307 607 3370; x_wconf 86' lang='lat' dir='ltr'>cl.</span> <span class='ocrx_word' id='word_1_167' title='bbox 632 3311 779 3383; x_wconf 82' lang='lat' dir='ltr'>Crevier</span> <span class='ocrx_word' id='word_1_168' title='bbox 807 3325 990 3410; x_wconf 83' lang='lat' dir='ltr'>legendum</span> <span class='ocrx_word' id='word_1_169' title='bbox 1013 3340 1115 3404; x_wconf 90' lang='lat' dir='ltr'>conii-</span> 
     </span>
     <span class='ocr_line' id='line_1_28' title="bbox 162 3411 1115 3524; baseline 0.057 -53"><span class='ocrx_word' id='word_1_170' title='bbox 162 3411 230 3491; x_wconf 79' lang='lat' dir='ltr'>„cit</span> <span class='ocrx_word' id='word_1_171' title='bbox 251 3435 316 3476; x_wconf 85' lang='lat' dir='ltr'>aon</span> <span class='ocrx_word' id='word_1_172' title='bbox 339 3419 497 3484; x_wconf 77' lang='lat' dir='ltr'>homiuum</span> <span class='ocrx_word' id='word_1_173' title='bbox 525 3425 712 3508; x_wconf 80' lang='lat' dir='ltr'>voluptatis</span> <span class='ocrx_word' id='word_1_174' title='bbox 738 3461 854 3508; x_wconf 82' lang='lat' dir='ltr'>caussa</span> <span class='ocrx_word' id='word_1_175' title='bbox 880 3453 940 3512; x_wconf 83' lang='lat' dir='ltr'>sed</span> <span class='ocrx_word' id='word_1_176' title='bbox 962 3457 1115 3524; x_wconf 77' lang='lat' dir='ltr'>Deorum</span> 
     </span>
     <span class='ocr_line' id='line_1_29' title="bbox 160 3534 1184 3652; baseline 0.054 -61.054"><span class='ocrx_word' id='word_1_177' title='bbox 160 3534 330 3608; x_wconf 65' lang='grc' dir='ltr'><strong><em>,,Ιιοηονίε.</em></strong></span> <span class='ocrx_word' id='word_1_178' title='bbox 378 3536 555 3605; x_wconf 88' lang='lat' dir='ltr'>Veriorem</span> <span class='ocrx_word' id='word_1_179' title='bbox 577 3549 779 3619; x_wconf 87' lang='lat' dir='ltr'>medicinam</span> <span class='ocrx_word' id='word_1_180' title='bbox 801 3564 875 3626; x_wconf 88' lang='lat' dir='ltr'>ab&#39;</span> <span class='ocrx_word' id='word_1_181' title='bbox 864 3565 1113 3652; x_wconf 86' lang='lat' dir='ltr'>mtegrioreco</span> <span class='ocrx_word' id='word_1_182' title='bbox 1182 3625 1184 3631; x_wconf 70' lang='lat'><em>,</em></span> 
     </span>
     <span class='ocr_line' id='line_1_30' title="bbox 159 3649 1112 3772; baseline 0.057 -64"><span class='ocrx_word' id='word_1_183' title='bbox 159 3649 256 3730; x_wconf 79' lang='lat' dir='ltr'>„dice</span> <span class='ocrx_word' id='word_1_184' title='bbox 274 3657 528 3734; x_wconf 83' lang='lat' dir='ltr'>exspectandam</span> <span class='ocrx_word' id='word_1_185' title='bbox 540 3672 655 3746; x_wconf 86' lang='lat' dir='ltr'>puto&#39;&#39;.</span> <span class='ocrx_word' id='word_1_186' title='bbox 678 3671 863 3746; x_wconf 73' lang='lat' dir='ltr'>Darassa.</span> <span class='ocrx_word' id='word_1_187' title='bbox 887 3657 1023 3772; x_wconf 84' lang='lat' dir='ltr'>Sigrio</span> <span class='ocrx_word' id='word_1_188' title='bbox 1013 3713 1112 3762; x_wconf 87' lang='lat' dir='ltr'>rnter-</span> 
     </span>
     <span class='ocr_line' id='line_1_31' title="bbox 158 3769 1110 3884; baseline 0.059 -55"><span class='ocrx_word' id='word_1_189' title='bbox 158 3769 302 3854; x_wconf 84' lang='lat' dir='ltr'>rogandi</span> <span class='ocrx_word' id='word_1_190' title='bbox 325 3775 439 3838; x_wconf 89' lang='lat' dir='ltr'>addito</span> <span class='ocrx_word' id='word_1_191' title='bbox 461 3793 496 3846; x_wconf 80' lang='lat' dir='ltr'>et</span> <span class='ocrx_word' id='word_1_192' title='bbox 517 3779 680 3869; x_wconf 81' lang='lat' dir='ltr'>integram</span> <span class='ocrx_word' id='word_1_193' title='bbox 707 3808 740 3858; x_wconf 91' lang='lat' dir='ltr'>et</span> <span class='ocrx_word' id='word_1_194' title='bbox 761 3802 969 3882; x_wconf 87' lang='lat' dir='ltr'>perspicuam</span> <span class='ocrx_word' id='word_1_195' title='bbox 992 3817 1110 3884; x_wconf 87' lang='lat' dir='ltr'>reddes</span> 
     </span>
     <span class='ocr_line' id='line_1_32' title="bbox 144 3889 1040 4018; baseline 0.055 -69"><span class='ocrx_word' id='word_1_196' title='bbox 144 3889 364 3960; x_wconf 82' lang='lat' dir='ltr'>orationem:</span> <span class='ocrx_word' id='word_1_197' title='bbox 395 3895 514 3961; x_wconf 85' lang='lat' dir='ltr'>Vtrum</span> <span class='ocrx_word' id='word_1_198' title='bbox 536 3903 695 4008; x_wconf 74' lang='lat' dir='ltr'>domiuum</span> <span class='ocrx_word' id='word_1_199' title='bbox 717 3917 903 3999; x_wconf 82' lang='lat' dir='ltr'>voluptatis</span> <span class='ocrx_word' id='word_1_200' title='bbox 930 3950 1040 4018; x_wconf 83' lang='lat' dir='ltr'>causa,</span> 
     </span>
    </p>
   </div>
   <div class='ocr_carea' id='block_1_18' title="bbox 758 4035 835 4106">
    <p class='ocr_par' dir='ltr' id='par_1_18' title="bbox 758 4035 835 4106">
     <span class='ocr_line' id='line_1_33' title="bbox 758 4035 835 4106; baseline 0.117 -9"><span class='ocrx_word' id='word_1_201' title='bbox 758 4035 835 4106; x_wconf 80' lang='lat' dir='ltr'>Ha</span> 
     </span>
    </p>
   </div>
   <div class='ocr_carea' id='block_1_19' title="bbox 1066 3958 1110 4001">
    <p class='ocr_par' dir='ltr' id='par_1_19' title="bbox 1066 3958 1110 4001">
     <span class='ocr_line' id='line_1_34' title="bbox 1066 3958 1110 4001; baseline 0.045 -2"><span class='ocrx_word' id='word_1_202' title='bbox 1066 3958 1110 4001; x_wconf 74' lang='lat' dir='ltr'>all</span> 
     </span>
    </p>
   </div>
   <div class='ocr_carea' id='block_1_20' title="bbox 0 0 1462 4826">
    <p class='ocr_par' dir='ltr' id='par_1_20' title="bbox 0 0 1462 4826">
     <span class='ocr_line' id='line_1_35' title="bbox 0 0 1462 4826; baseline 0 2"><span class='ocrx_word' id='word_1_203' title='bbox 0 0 1462 4826; x_wconf 95' lang='lat' dir='ltr'> </span> 
     </span>
    </p>
   </div>
   <div class='ocr_carea' id='block_1_21' title="bbox 982 3097 1212 3166">
    <p class='ocr_par' dir='ltr' id='par_1_21' title="bbox 982 3097 1212 3166">
     <span class='ocr_line' id='line_1_36' title="bbox 982 3097 1212 3166; baseline 0.057 -7"><span class='ocrx_word' id='word_1_204' title='bbox 982 3097 1133 3166; x_wconf 68' lang='lat' dir='ltr'>auctore</span> <span class='ocrx_word' id='word_1_205' title='bbox 1210 3151 1212 3156; x_wconf 62' lang='grc'><strong><em>«</em></strong></span> 
     </span>
    </p>
   </div>
  </div>
 </body>
</html>
