2916 4826
1174 131 1179 160 l

317 367 400 428 ,62
522 401 530 426 ,
723 383 933 413 -ιιιιιι--

349 523 474 600 Famae
505 531 625 602 huius,
672 523 735 589 etsi
770 528 926 604 obscure,
973 529 1121 631 vestigia
1148 548 1308 613 apparent

314 659 316 664 ,
348 649 471 728 XXII,
497 671 525 730 3³
555 643 615 708 ubi
645 645 779 705 Nolis
800 649 969 708 accitura
993 649 1144 729 parribus
1169 649 1305 714 dicitur:

308 797 311 802 ·
348 769 430 835 item
451 754 573 839 XXII,
593 769 642 842 14.Ι
666 763 718 825 Eo·
742 760 834 826 enim
857 767 916 845 qui
939 764 1118 844 pervenire
1138 769 1306 850 potuisset
1329 844 1331 849 ,

176 933 181 942 .
257 910 278 926 ν·
349 887 521 960 Camillus,
543 881 610 946 nisi
633 886 762 944 mutato
783 891 860 944 ante
884 867 994 946 exsilii
1013 885 1112 948 loco?
1133 887 1213 948 Ho'c
1235 888 1304 951 scil.

348 1006 459 1068 di'ce're
489 997 688 1083 expediebat
716 1001 875 1082 loquenti
894 1002 967 1081 (V.
991 1003 1116 1083 Dralr.)
1159 1006 1220 1068 Ab
1243 1003 1304 1069 hac

348 1107 461 1188 autem
480 1110 644 1186 sententia
664 1117 710 1181 ita
729 1119 879 1205 alienum
902 1141 937 1183 se
953 1121 984 1182 lr.
1001 1123 1022 1181 l.
1037 1111 1150 1203 prodit
1171 1119 1303 1210 religio·

348 1261 404 1307 sus
427 1252 549 1316 auctor,
573 1239 627 1304 cui
650 1241 738 1304 salus
762 1234 905 1302 civitatis
925 1231 1028 1302 inniti
1050 1237 1229 1306 videbatur
1249 1267 1303 1331 pa-

348 1379 436 1426 trum
458 1355 608 1448 moribus
631 1333 693 1422 rite
717 1357 865 1432 servatis,
888 1373 926 1421 ut
948 1367 992 1422 ne
1011 1359 1147 1423 illorum
1163 1364 1302 1444 quidem

251 1505 253 1509 ·
347 1477 493 1564 accipere
506 1479 600 1556 velit,
620 1471 679 1561 qui
693 1477 946 1553 contenderant,
968 1481 1065 1542 allato
1081 1448 1163 1544 Ι800
1177 1483 1301 1561 Veios,

348 1599 528 1664 Camillum
551 1577 595 1663 eo
617 1599 797 1661 adductum
821 1619 892 1661 esse
916 1601 956 1660 ab
971 1597 1098 1676 Ardea,
1122 1618 1190 1683 quo
1203 1627 1301 1684 prae.

345 1742 418 1782 sens
453 1713 594 1782 dictator
622 1718 872 1800 imperatorque
901 1733 1074 1782 crearetur.
1120 1721 1215 1784 Clare
1245 1722 1300 1784 de·

280 1923 281 1926 ¹
344 1850 534 1904 monstrant
556 1841 674 1902 ultima
695 1836 762 1900 loci
785 1841 898 1901 verba.
931 1843 1041 1924 Magis
1063 1841 1193 1900 credere
1208 1839 1300 1915 libet,

344 1945 467 2040 inquit,
496 1981 560 2022 non
578 1962 673 2039 prius
691 1954 880 2040 profectum
902 1979 970 2019 esse
989 1957 1032 2018 ab
1052 1960 1173 2035 Ardea,
1204 1981 1301 2041 quam

345 2087 546 2157 compererat
576 2078 676 2153 legem
697 2073 888 2150 (curiatam)
907 2073 1021 2145 latam,
1042 2065 1301 2156 dictatoremque

303 2243 304 2256 ,
342 2211 378 2252 re
398 2191 560 2252 absentem
586 2192 720 2262 dicrum,
751 2209 848 2270 quam
872 2187 980 2268 (quod
1004 2183 1206 2251 tradiderant
1229 2190 1298 2268 qui-

292 2355 298 2362 .
344 2312 436 2383 dam)
468 2302 655 2390 profectum
683 2326 751 2365 esse
781 2321 842 2367 etc.
893 2307 968 2366 Iam
997 2302 1099 2387 igitur
1129 2308 1183 2385 (ut
1217 2306 1299 2370 haec

343 2429 446 2492 verba
468 2419 686 2486 conciliemus
710 2409 786 2486 cum
809 2419 988 2505 prioribus,
1005 2418 1216 2504 *quibuscum
1240 2447 1298 2508 pu-

344 2561 445 2629 gnare
455 2541 615 2607 videntur
621 2544 646 2625 ;)
659 2560 727 2624 quo
744 2545 818 2605 loco
836 2520 970 2636 comitia
985 2541 1108 2605 curiata
1121 2542 1232 2607 habita
1249 2567 1296 2610 es·

343 2687 378 2730 se
401 2663 614 2748 putabimus,
646 2663 769 2745 quibus
793 2679 826 2726 et
853 2664 894 2725 de
925 2660 1044 2726 exsilio
1075 2669 1294 2742 revocaretur,

340 2801 375 2849 et
398 2784 579 2868 imperator
601 2783 693 2846 idern
722 2779 929 2862 dictatorque
955 2784 1140 2846 crearetur?
1167 2779 1230 2846 An
1258 2784 1296 2848 in

342 2901 511 2988 Capitolio
535 2912 588 2984 (ut
616 2897 728 2963 innuit
751 2897 871 2974 XXII,
898 2903 964 2978 14.)
987 2899 1164 2963 hominum
1188 2904 1296 2984 pauci·

340 3012 413 3088 tate'
429 3025 567 3084 fortasse
591 3005 664 3102 per'
673 3019 806 3102 triginta
828 3019 983 3083 lictores?
1005 3019 1100 3101 quasi
1123 3023 1236 3085 verbis
1259 3021 1297 3086 αι’

343 3115 377 3204 el
406 3141 547 3202 comitiis
573 3140 712 3200 curiatis
737 3155 964 3201 revocatus
991 3141 1032 3198 de
1061 3141 1178 3201 exsilio
1196 3145 1293 3203 'iussu

337 3258 454 3344 populi
471 3257 628 3320 Camillus
648 3258 798 3320 dictator
813 3271 978 3346 crearetur
998 3255 1145 3321 voluerit
1166 3261 1224 3342 qui
1244 3282 1313 3319 rr·-

339 3395 480 3442 vocatus
498 3377 605 3437 esser?
630 3374 683 3438 Ira
714 3391 844 3457 ceperat
872 3371 963 3448 haud
994 3376 1096 3441 dubie
1124 3376 1293 3442 Dukerus·

338 3494 391 3562 At
420 3506 611 3578 repugnant
641 3511 819 3576 postrema,
858 3515 944 3575 quae
975 3493 1150 3577 posuimus
1179 3501 1291 3560 verba.

340 3614 429 3698 Ipsis
445 3613 546 3678 Veiis
568 3627 671 3710 tot—arn
694 3635 763 3678 rem
787 3629 951 3696 peractam
975 3633 1045 3678 esse
1068 3619 1153 3681 clare
1171 3616 1292 3692 voluit,

240 3755 242 3760 ’
340 3731 399 3798 red
422 3732 595 3797 obscurius
619 3729 703 3794 dixit
724 3731 864 3807 Livius;
888 3732 1036 3816 denique
1058 3753 1097 3800 ut
1118 3737 1291 3800 verbo'te·

339 3851 459 3918 nebras
482 3851 708 3938 dispellamus,
737 3867 1007 3916 revocatusnon
1030 3858 1170 3940 estqui
1197 3875 1291 3920 revo-
