2922 4820
573 365 782 394 *⁴¹¹*-
1115 350 1155 432 '7

287 522 403 597 „sisset
424 519 568 580 indicere
587 516 681 596 prius
702 537 799 598 quum
816 537 931 597 gerere
943 521 1071 583 *solitos
1092 521 1158 585 bel.

284 639 350 717 „ia,
368 637 562 696 denuntiare
583 649 708 707 nrzAM,
730 651 918 720 turisendus
936 639 1040 700 locum
1050 639 1159 724 finire

285 758 340 831 „iu
359 774 424 838 quo
447 753 639 812 dimicaturi
659 754 797 813 essenc.“

203 874 383 952 Complura
404 870 442 934 in
465 869 517 932 his
541 878 642 944 sunt‚'
658 890 755 954 quae,
780 890 847 953 quo
871 891 964 934 nunc
986 871 1157 939 circumfe-

201 1009 322 1055 runtur
342 992 463 1061 modo,
493 1009 602 1052 nemo
623 985 753 1053 doctior
782 991 932 1053 oredat'a
953 991 1059 1080 LiYi⁰
1082 1016 1157 1076 pro-

191 1114 301 1174 iecta:
331 1109 415 1170 adeo
447 1108 560 1191 dispar
588 1107 750 1172 oratoriae
781 1109 854 1173 eius
876 1109 952 1173 artis
975 1111 1155 1193 ingenium

200 1233 267 1313 (ne
297 1227 404 1315 dicam
434 1227 652 1307 prudentiae)
681 1228 859 1296 manifesto
890 1231 1049 1311 produnt.
1099 1213 1156 1294 Ac

168 1403 170 1414 ,
200 1350 358 1434 primum,
387 1345 440 1408 cui
470 1367 542 1407 non
569 1347 693 1415 mirum
723 1348 840 1411 accidit
870 1352 1014 1412 indicere
1036 1351 1155 1414 soiitos

170 1471 285 1545 fhetta
313 1485 540 1531 percurrens
570 1466 688 1530 eriam?
718 1469 830 1556 Quem
854 1470 992 1539 tandem
1020 1467 1155 1549 respicit

199 1589 415 1652 denuntiandi
435 1605 575 1659 morem,
599 1582 694 1666 quasi
717 1588 824 1656 maius
848 1588 1009 1670 quiddam
1032 1602 1064 1651 et
1087 1609 1154 1650 am·

151 1683 157 1708 )
198 1707 288 1789 plius
328 1705 493 1767 indicendi
532 1701 809 1768 consUetudinei'
858 1695 1045 1772 Anr'forte
1085 1729 1155 1769 mo.

200 1847 270 1887 rem
293 1821 460 1902 repetendi
482 1841 550 1892 res,
580 1834 617 1884 ut
640 1819 764 1882 dixisse
787 1820 897 1884 videri
926 1823 1030 1906 possit
1058 1825 1154 1897 ‚‚soli.

201 1959 273 2020 „tos
296 1959 369 2004 esse
382 1939 556 2008 Romanos
579 1937 679 2000 etiam
702 1961 924 2020 praemonere
948 1942 989 2003 de
1013 1941 1109 2003 bellis
1120 1945 1154 2005 ?“

197 2059 309 2146 Atqui
332 2077 443 2121 rerum
466 2054 622 2148 repetitio
645 2055 840 2140 disceptatio
864 2058 928 2122 fuit
952 2061 993 2124 de
1017 2058 1099 2137 iure,
1123 2076 1155 2125 et

198 2185 282 2247 adeo
305 2201 378 2242 non
408 2175 619 2242 denuntiatio
649 2176 741 2252 belli,
769 2191 807 2240 ut
834 2197 878 2242 ne
900 2177 982 2260 ipsis
1005 2179 1154 2262 quidem,

199 2303 258 2386 qui
287 2273 477 2382 repeterent
505 2319 577 2372 res,
608 2311 771 2364 constaret
794 2299 836 2362 de
860 2300 968 2387 pello.
1015 2300 1153 2386 Quippe

197 2447 233 2488 re
256 2423 378 2486 iterum
406 2417 596 2492 deliberata,
631 2431 664 2480 et
695 2417 870 2499 perpensis
900 2419 1017 2482 sedulo
1040 2422 1154 2482 adver·
1225 2483 1229 2493 p

162 2563 166 2568 ·
197 2544 364 2608 sariorum
391 2535 581 2618 postulatis,
612 2536 743 2618 saepius
772 2558 816 2600 ne
846 2533 1055 2602 indicebatur
1083 2538 1153 2621 qui·
1182 2599 1186 2606 ,

201 2665 278 2723 dem
306 2658 445 2718 bellum.
495 2651 684 2734 Dionysius
708 2653 755 2715 A.
779 2656 822 2717 R.
845 2657 895 2732 ΙΙ,
920 2673 970 2737 72.
1000 2658 1083 2721 Alia
1105 2658 1156 2722 est

203 2775 299 2843 verbi
318 2770 527 2858 significatio,
553 2769 581 2832 si
605 2770 777 2854 disiungas
801 2795 819 2834 a
841 2775 978 2854 proprio
1002 2779 1153 2843 indicere.
1211 2749 1214 2758 k

199 2898 308 2980 Apud
338 2895 551 2958 Ciceronem
581 2891 622 2953 de
654 2889 721 2952 Off.
745 2892 776 2966 I,
809 2912 859 2968 11,
889 2913 918 2974 9.
942 2893 1079 2982 legitur:
1109 2897 1154 2956 Ac

200 3019 277 3080 belii
296 3015 425 3100 quidem
447 3013 597 3095 aequitas
609 3013 811 3072 sanctissime
822 3007 941 3099 fetiali
963 3016 1041 3094 Pop.
1057 3015 1151 3076 Rom.

175 3141 271 3236 liure
289 3132 476 3216 perscripta
496 3141 552 3190 esi*
600 3129 658 3188 Ex
681 3123 744 3211 quo
765 3131 907 3212 intelligi
925 3145 1054 3212 potest,
1082 3132 1150 3192 nul·
1180 3197 1183 3208 .
1250 3159 1254 3172 =
1335 3137 1345 3150 ''

122 3317 125 3322 ,
172 3289 178 3298 -
200 3256 263 3316 lum
285 3251 399 3312 bellum
422 3269 488 3308 esse
510 3245 641 3321 iustum,
658 3248 738 3315 ¹nisi
757 3249 846 3330 quod
866 3262 925 3309 arec
948 3249 1042 3310 rebus
1064 3273 1150 3330 repe·

202 3374 276 3432 titis
300 3381 444 3448 geratur,
473 3379 532 3426 aut
561 3366 849 3428 denunciatum
876 3381 953 3426 ante
979 3368 1025 3426 ric
1053 3379 1085 3427 et
1103 3368 1149 3439 in·
1195 3445 1200 3458 Ι

125 3559 127 3566 ¹
192 3490 334 3550 dictum.
393 3483 488 3569 Quae
509 3485 628 3572 ¹verbe
658 3493 803 3546 accurate
839 3483 1072 3565 interpretatus
1102 3475 1164 3548 est'

199 3607 453 3670 Hensrnoeeos
467 3615 560 3676 ,',non
572 3600 786 3683 quoc'u'mque
798 3605 902 3682 modo
916 3601 1151 3666 denuntiatum

201 3715 285 3803 „sed
312 3721 413 3788 etiam
441 3721 586 3786 solemni
615 3719 681 3785 ritu
711 3743 771 3803 per
797 3723 924 3787 fetiales
954 3722 1150 3786 indictumr“
1233 3693 1235 3700 Ι

200 3843 262 3908 Uti
283 3855 413 3928 poterat
433 3821 536 3906 inivio
559 3841 733 3920 XXXVI,
759 3864 788 3926 3.
819 3846 930 3928 Ipuiue
946 3847 1059 3929 utique
1081 3845 1152 3924 regi
1233 3843 1236 3848 ’
