2922 4820
343 496 459 566 monis
492 496 682 580 quotidiani
714 496 903 577 licentiam,
938 522 1039 583 quam
1072 517 1226 568 recusant
1258 524 1304 570 ne

343 635 462 703 poetae
493 617 642 701 quidem.
698 616 867 684 Eiusdem
897 603 1029 703 generis
1061 639 1111 684 est
1141 625 1300 703 Saraucae

341 741 437 807 locus
460 740 501 800 dc
522 741 582 800 Ira
607 757 636 812 1,
666 737 718 802 16.
745 739 911 802 Perverse
937 742 1104 802 induenda
1129 746 1302 822 maginem·

341 861 394 920 tui
415 861 537 930 arescist
562 873 594 920 et
617 859 777 920 Person.
805 857 896 938 frag.
929 859 1064 938 ἶνας-αν.
1088 879 1115 922 c.
1141 866 1190 938 58.
1215 853 1301 942 quae

341 975 442 1041 habet
464 972 711 1040 Foncacmnu's
735 977 778 1036 L.
802 976 845 1038 L.
870 977 942 1051 111,
962 993 1043 1055 v405.
1066 979 1228 1061 Denique
1252 980 1300 1043 in·

329 1111 454 1196 ⁸eptam
478 1094 602 1179 cogites
631 1092 925 1160 coniunctionem:
956 1117 1039 1178 „per
1067 1097 1300 1176 incommodas

340 1235 464 1298 „rupes
504 1216 746 1289 decurrerunt,
795 1217 913 1296 utpote
953 1215 1083 1280 adsueti
1124 1220 1298 1284 decurrere

301 1330 306 1344 ’
340 1355 422 1416 „per
443 1329 536 1396 invia
560 1355 596 1395 sc
611 1332 751 1400 *deviae
786 1335 861 1394 Iam
885 1336 934 1398 tot
955 1336 1193 1415 incommodis,
1217 1359 1297 1420 quo-

260 1535 262 1548 Ι
338 1473 414 1516 rum
444 1451 503 1515 vix
529 1461 658 1538 partem
695 1453 950 1536 perpenderunt
981 1451 1105 1538 nuperi
1139 1456 1295 1534 editores,

339 1591 533 1635 succurrens
560 1573 617 1634 10.
653 1573 717 1638 Fa.
749 1573 981 1650 Gnouovrus,
1014 1577 1154 1658 probata
1183 1592 1296 1640 vetere

338 1689 497 1773 scriptura
520 1691 707 1769 decurrunt,
731 1711 838 1757 cetera
861 1694 898 1755 in
915 1693 1160 1774 huncmodum
1183 1716 1295 1759 emen·

338 1811 447 1884 danda
470 1793 614 1872 censuit:
641 1813 708 1874 Per
729 1828 942 1876 transversae
962 1816 1053 1895 rupis
1078 1818 1176 1877 iuxta
1200 1817 1294 1876 invia

336 1952 377 1994 ac
400 1931 501 1992 davia
528 1929 660 1990 adsueti
687 1930 876 1995 decurrunt.
925 1933 1003 2020 Qua
1033 1934 1239 1998 correctione
1258 1949 1295 2002 et
1370 1933 1373 1938 ’

267 2087 278 2108 .
334 2035 544 2138 grammatica
567 2033 650 2108 tatio
675 2047 766 2108 salva
789 2062 847 2123 est,
879 2063 911 2109 et
933 2053 1031 2110 iuxta
1055 2072 1113 2120 sua
1142 2053 1294 2134 fungitur

258 2228 261 2236 ,
335 2170 523 2249 potestates
547 2164 704 2246 denique·
719 2145 830 2228 voluit
854 2167 1098 2252 Guonovrus„
1112 2170 1204 2249 quod
1226 2167 1292 2230 alio

335 2287 410 2347 loco
441 2282 594 2364 diciturs
615 2265 833 2348 occursabant
857 2309 918 2367 per
952 2285 1087 2372 obliqua
1122 2290 1270 2376 montani
1274 2309 1288 2361 ,·
1375 2353 1379 2362 .

335 2420 368 2468 at
381 2401 453 2485 ipsa
468 2401 678 2498 coniecturae
702 2386 848 2478 audacia,
871 2426 943 2466 non
967 2404 1080 2468 minus
1104 2427 1203 2486 quant
1220 2427 1291 2468 ver·

326 2526 457 2598 ¹borum
477 2522 641 2585 insolenti
664 2522 835 2600 iunctura‚'
852 2545 940 2622 anne
964 2546 1137 2590 assensum
1160 2501 1290 2589 eludit?

333 2643 434 2728 Piget
463 2643 594 2718 referre,
622 2642 706 2726 quid
734 2665 844 2727 nuper
872 2643 913 2706 ad
942 2644 1216 2710 'emendationem
1246 2621 1288 2708 all

332 2766 437 2829 iatum
465 2763 516 2828 sit.
574 2764 648 2827 Nec
672 2765 849 2844 perciirsae
877 2772 993 2846 rupes,
1028 2767 1084 2828 vel
1120 2769 1288 2826 transver-

332 2906 399 2960 sae,
429 2886 483 2948 vel
509 2883 697 2966 praecelsas
728 2881 912 2959 quidquam
943 2880 1092 2942 iuvant·
1118 2881 1210 2956 Nam
1233 2903 1291 2945 cur

332 3025 406 3068 non
429 2999 542 3083 potius
562 3019 623 3076 per
644 2996 785 3055 vertices
811 2998 924 3075 rupis?
951 2995 1002 3058 At
1022 3017 1137 3078 necfue
1161 3019 1202 3062 ex
1223 3001 1289 3062 hoc

331 3114 477 3184 mulium
506 3116 547 3178 ad
575 3110 789 3189 sententiam,
819 3127 860 3187 et,
890 3114 1101 3180 nisiceteris
1131 3123 1287 3191 emenda,
1385 3165 1389 3170 -
1449 3107 1450 3114 ἵ

333 3238 384 3315 tis,
418 3237 459 3300 ad
492 3233 740 3321 grammaticam
760 3234 1047 3300 coniunctionem
1082 3237 1284 3320 proficimus.
1353 3255 1355 3260 ‘

250 3340 253 3350 ⁴
333 3359 408 3424 Iam
425 3355 560 3420 Imirum
590 3375 691 3429 sane,-
715 3353 807 3434 viros
837 3355 957 3419 doctos
980 3353 1115 3426 incertis
1142 3381 1177 3424 se
1207 3383 1286 3425 con·

334 3474 469 3544 iecturis
497 3495 650 3540 exercere
679 3475 862 3554 maluisse,·
881 3497 982 3557 quam
1011 3473 1141 3542 dudum
1170 3497 1284 3563 parato

332 3596 458 3664 auxilio
481 3595 542 3660 uti.
571 3592 704 3685 ‘Qyuidi'
726 3595 765 3672 si,
790 3619 861 3658 non
883 3596 1200 3690 coniecturasducti,
1224 3601 1284 3663 sed

335 3715 467 3808 probati
503 3694 671 3800 scriotoris
703 3709 897 3796 testimonio
918 3716 1002 3780 ‘freti
1033 3713 1281 3793 contendimus,

230 3835 242 3846 ²
334 3835 465 3913 hostes,
494 3858 567 3902 non
594 3833 868 3918 rupibus·'solum
898 3829 1195 3920 (quibuscumque¹
1214 3851 1281 3900 tan·
