2916 4826
658 399 663 428 ‘
711 419 921 448 *-

342 582 432 646 Flor.
456 575 585 659 decepti
608 595 711 636 vanas
739 567 948 653 suspiciones
976 589 1168 638 exercentes
1192 573 1230 638 in
1252 580 1301 644 lo·

290 775 296 786 ⁸
344 725 383 765 co
411 721 509 765 sano:
539 717 620 776 quas
649 691 890 764 'correctiones‘
911 691 971 772 qui
993 696 1095 769 volet,
1126 695 1240 758 videat
1262 697 1301 760 in

342 821 486 886 fecunda
502 831 605 878 matre
626 811 742 874 talium
767 796 997 892 suspicionum
1020 811 1206 877 novissima
1231 817 1299 878 En·

342 957 459 1004 rursm
482 932 643 999 editione.
688 933 745 992 Tu
768 928 873 992 scribe
897 946 928 991 'et
953 931 1175 1016 interpungee
1202 934 1296 998 Cubi·

341 1059 412 1120 culo
429 1056 585 1117 modicum
605 1053 706 1112 lumen
727 1055 846 1125 inerat,
868 1064 901 1110 et
922 1051 1114 1112 ancillarum
1137 1056 1213 1129 uult,
1233 1077 1296 1116 ma·

328 1180 389 1288 gis
408 1197 448 1238 ac
469 1176 571 1253 arogis
592 1172 694 1232 anxia
709 1169 887 1249 Agrippino
909 1169 1023 1250 „quod
1039 1182 1129 1232 nemo
1152 1189 1174 1235 a
1192 1169 1246 1246 fil
1207 1192 1297 1234 ιι.ο

340 1318 402 1372 „oc
420 1313 460 1354 ne
481 1294 638 1372 Agerinus
656 1264 846 1370 quibam
826 1287 925 1346 aliam
936 1281 1017 1370 fere
1037 1289 1153 1350 littore
1164 1285 1296 1376 faciem

337 1433 492 1492 „nunc...
502 1409 787 1473 .solicudinem...
800 1481 804 1490 1
797 1419 866 1464 :oc
887 1408 1072 1485 repentinos
1095 1410 1211 1487 strepit
1201 1397 1317 1469 lur”?'

246 1579 249 1584 -
338 1547 371 1596 et
390 1527 528 1594 extremi
548 1525 627 1588 moh'
644 1525 777 1584 indiciass
810 1519 925 1598 Voces
949 1523 1055 1619 ipsius
1078 1517 1293 1608 Agrippinae

338 1665 426 1725 sunt,
449 1669 520 1710 non
544 1665 613 1706 uno
637 1646 754 1706 tenore
777 1643 934 1722 prolatae,
965 1645 1023 1706 sed
1053 1665 1113 1726 per
1136 1643 1290 1708 interval-

335 1770 367 1834 la
382 1763 590 1849 erumpendo
614 1761 815 1825 anxietatem
836 1762 941 1833 animi
966 1758 1038 1826 eius
1061 1764 1216 1847 graphice
1236 1766 1289 1827 de-

335 1888 540 1980 pingentes..¹
568 1885 739 1946 Mutatam
764 1903 836 1946 esse
867 1881 988 1966 cogitat
1018 1882 1110 1960 (visu
1139 1884 1175 1945 in
1200 1884 1291 1947 littus
1354 1949 1356 1954 ,

251 2051 271 2104 g
332 2009 436 2095 flexo)
476 2025 582 2087 paene
622 2001 742 2064 littoris
780 1998 916 2062 faciem:
963 2002 1088 2082 quippe
1128 2003 1173 2062 ihi
1216 2025 1292 2066 cum
1344 2055 1353 2070 .

334 2128 447 2212 paullo
474 2138 549 2185 ante
577 2115 694 2182 fuisset
724 2117 847 2178 clamor
870 2118 1114 2179 accurrentium
1145 2141 1218 2179 cum
1242 2124 1291 2182 lu-

334 2243 483 2308 minibus
507 2237 632 2301 auxilio
655 2221 752 2297 matri
768 2233 984 2315 Imperatoris
1003 2235 1289 2318 strepentiumque

333 2359 460 2427 mutuis
484 2358 571 2418 inter
593 2365 697 2416 semet
719 2349 1019 2428 adhortationibus,
1054 2375 1155 2430 nunc,
1187 2377 1288 2419 arma·

334 2497 365 2545 ta
388 2477 524 2539 cohorte
547 2471 585 2537 in
613 2467 864 2554 multitudinem
895 2470 1044 2556 immissa
1071 2495 1090 2534 a
1117 2474 1286 2558 Principe,

333 2612 471 2682 repente
495 2609 564 2660 erat
591 2607 744 2656 exortum
768 2590 950 2654 silentium.
998 2591 1095 2678 Quae
1118 2597 1198 2656 dum
1227 2603 1286 2659 tre?

331 2720 469 2805 pidante
492 2713 606 2778 animo
630 2729 743 2776 secum
764 2728 884 2788 versat,
914 2711 1046 2775 sonitus
1071 2714 1220 2780 effractae
1243 2717 1284 2778 ab

331 2836 601 2905 interfectoribus
627 2832 748 2895 ianuae
776 2853 870 2896 aures
901 2831 981 2895 eius'
1003 2834 1154 2914 percutit.
1176 2853 1178 2860 ’
1202 2835 1283 2922 Quo

330 2958 486 3026 exterrita
501 2969 533 3017 et
547 2951 765 3033 „repentinos
779 2951 885 3012 audiri
907 2952 1106 3033 strepitus'’?
1128 2957 1283 3033 prolocu-

332 3095 376 3154 ta,
399 3077 452 3138 his
467 3074 534 3135 iam
557 3071 735 3133 continens
750 3063 872 3152 excipit
886 3071 1092 3154 praesagium
1106 3071 1281 3136 imminen-

331 3196 372 3261 tis
406 3191 514 3258 exitii:
536 3211 637 3274 ·quae
659 3206 827 3274 postrema
850 3194 951 3253 verba
974 3189 1002 3252 si
1033 3188 1107 3270 quis
1137 3195 1278 3268 non,ab

330 3313 524 3400 Agrippina
553 3311 648 3387 dicta,
678 3311 737 3374 sed
766 3331 785 3372 a
819 3307 977 3391 scriptore
1007 3308 1133 3375 adiecta
1162 3313 1279 3387 credat,

329 3458 403 3500 non
425 3434 634 3523 adversabor.
