2916 4826
323 335 392 415 156
690 343 901 377 *-

412 506 521 602 prtum
554 507 620 565 iam
653 501 924 594 machinationum
963 503 1056 563 omni
1081 523 1200 583 genere
1242 516 1277 564 et

410 623 560 707 operibus
590 632 840 702 oppugnaretur,
874 623 1000 682 missum
1031 643 1054 682 a
1083 623 1277 701 Metaponto

407 741 608 822 praesidium
634 739 794 799 Romanis
822 739 960 798 arrimum
978 712 1092 824 fecit,
1112 753 1151 800 ut
1180 703 1277 800 nocte

409 857 651 937 exinproviso
673 875 773 936 opera
794 856 934 916 hostium
956 856 1156 917 invaderent.
1197 856 1276 918 Alia
1381 881 1384 890 ·

410 975 616 1051 disiecerunt,
644 975 713 1034 alia
734 975 804 1053 igni
829 986 1057 1052 corruperam
1084 976 1174 1058 isque
1189 970 1276 1057 fietis

408 1089 585 1153 Hannibali
601 1084 676 1176 fuit
687 1108 738 1151 ΒΑ
758 1108 868 1150 rAnrn
884 1111 994 1182 ¹arcem
1014 1092 1232 1170 oppugnandi.

326 1208 423 1273 Haec
435 1212 539 1274 verba
553 1207 613 1290 qui
626 1209 754 1292 legerit,
766 1207 853 1292 ‚quis
868 1229 940 1269 non
963 1208 1129 1270 deferatur
1149 1207 1187 1270 in
1201 1205 1275 1270 eim
1373 1265 1379 1272 .

326 1327 538 1405 sententiam,
555 1309 730 1402 Poenum,
753 1347 829 1388 curn
852 1341 978 1408 aparte
1000 1326 1100 1389 urbis·
1114 1325 1196 1389 arcis
1218 1349 1276 1409 op-

325 1448 527 1530 pugnandae
549 1448 655 1511 finem
677 1419 813 1520 fecerit,
833 1447 874 1506 ab
897 1446 997 1509 altera
1018 1446 1040 1507 i.
1063 1467 1093 1509 e.
1113 1431 1277 1508 maritim'a

323 1565 381 1642 (cf.
402 1564 478 1628 init.
500 1587 527 1629 o.
544 1571 613 1644 11.)
634 1565 922 1658 oppugnationem
945 1563 1156 1630 instituisse?
1176 1545 1288 1626 Hanc·

326 1682 575 1768 cogitationem,
604 1681 933 1761 iustissimam'sane,
961 1705 1037 1748 cum
1060 1686 1274 1767 quodammo-

325 1803 369 1863 do
393 1783 528 1870 turba'nt
549 1807 693 1870 adiecta:
715 1807 859 1892 Reliqua
874 1821 944 1868 erat
960 1809 1004 1868 in.
1016 1805 1184 1868 obsidione
1197 1823 1277 1884 spes,

324 1936 384 1982 nec
406 1946 446 1984 eo
466 1929 550 1988 satis
571 1919 697 2016 efficax,
717 1941 787 1988 tum
802 1925 909 1986 multo
928 1922 1036 2008 magis
1059 1923 1218 2004 deinceps
1231 1919 1279 1983 di-

324 2055 384 2115 cta,
407 2043 468 2104 ubi
490 2047 583 2105 nulla
605 2063 742 2122 prorsus
765 2039 1029 2121 oppugnationis
1051 2040 1191 2114 menti0,
1219 2041 1280 2102 sed
1302 2061 1306 2068 ’

324 2147 514 2224 obsidionis
543 2125 777 2221 tantummodo
805 2155 949 2217 navibus
986 2179 1005 2217 a
1034 2155 1133 2228 mari,
1168 2154 1278 2216 muni-

323 2275 476 2346 tionibus
497 2301 516 2338 a
537 2290 631 2339 terra.
654 2277 777 2353 Neque
795 2271 889 2336 aliter
910 2269 1074 2354 Polybius
1097 2273 1278 2354 V111‚3fi.

323 2395 520 2456 Tom.111.
549 2415 582 2474 p.
607 2405 659 2470 85.
691 2377 739 2452 Oi
765 2391 933 2471 γενομένου
956 2383 992 2450 τὸ
1015 2385 1073 2472 μὲν
1100 2391 1279 2472 πολιορκεῖν
1306 2362 1310 2370 „

322 2503 379 2581 sip·
398 2503 503 2592 ἆνρᾶν
518 2501 667 2592 Ἀννίβας
688 2503 821 2588 ἀπέγνω.
852 2507 946 2596 Quid
966 2507 1069 2592 igitur
1089 2507 1200 2574 voluit
1222 2510 1277 2572 ad·

235 2691 240 2698 ,
322 2627 417 2692 iectis
436 2609 480 2691 ¹eo
496 2644 605 2712 parte,
627 2642 712 2710 quae
726 2629 890 2691 deludunt
904 2630 1085 2692 lectorem?
1106 2626 1168 2692 An
1192 2628 1276 2693 exci-

323 2747 412 2813 disse
427 2769 464 2812 ea
479 2746 672 2834 putabimus
689 2737 850 2830 scriptori,
873 2745 967 2830 quasi
982 2747 1070 2812 nihil
1086 2747 1235 2832 cogitans
1242 2753 1278 2830 s)
1372 2827 1382 2836 ἱ

392 3037 420 3107 ⁸)
440 3003 480 3089 Ui
496 3046 557 3089 sunt
575 3035 732 3106 interpretes
752 3034 870 3106 quidam,
888 3039 933 3109 qui
953 3038 1023 3091 nihil
1039 3039 1183 3108 cogitantes
1200 3057 1278 3111 prae·
1296 3099 1304 3107 ,

271 3177 275 3188 .
325 3147 432 3188 tereunt
450 3135 626 3207 corruptelas,
647 3147 699 3190 *sut
717 3137 877 3192 intellexisse
898 3157 925 3190 se
948 3150 1052 3210 putant,
1077 3158 1142 3210 quse
1161 3159 1219 3193 non
1236 3143 1278 3192 in·

323 3235 494 3296 telleserurrt.
530 3238 642 3292 Clarum
659 3238 813 3309 exemplum
832 3238 892 3290 telis
912 3237 1047 3310 ἂβλεψίας
1071 3253 1110 3293 est
1128 3243 1198 3313 apud
1221 3245 1277 3294 Au·

322 3353 434 3394 erotesis
455 3339 488 3393 de
512 3341 547 3394 B.
563 3338 621 3393 etr.
640 3357 666 3397 c.
684 3351 710 3402 3.
738 3338 890 3412 Oppidani
910 3343 1022 3396 interim
1044 3361 1135 3398 meroe
1159 3345 1280 3398 ermetis
1342 3315 1351 3321 “

324 3442 481 3514 complent:
498 3455 565 3496 oneo
582 3455 696 3512 portam
708 3437 879 3512 frequentes
898 3441 1046 3496 considunt
1068 3444 1106 3496 ad
1128 3463 1159 3515 ee
1182 3443 1278 3516 delict·

325 3541 459 3613 desidum:
492 3560 608 3615 quorum
631 3557 759 3594 merse
783 3540 898 3598 duorum
925 3541 1064 3616 legionum
1090 3563 1182 3598 rnrrs
1208 3558 1280 3600 erae.

283 3685 287 3694 .
325 3636 359 3696 111
375 3641 420 3695 his
435 3642 533 3704 verbis,
557 3658 636 3713 quem
646 3655 760 3714 sensum
782 3641 866 3693 habet
889 3647 974 3708 intus,
998 3655 1029 3697 ut
1045 3663 1060 3697 a
1076 3645 1183 3696 nemine
1201 3657 1281 3697 note·
1305 3651 1308 3660 “

325 3753 385 3796 turn
401 3745 451 3798 sit?
466 3745 510 3798 Ne
525 3741 670 3816 speraveris
690 3741 724 3794 ab
741 3740 800 3795 ullo
818 3742 980 3813 explicatum
996 3746 1043 3800 iri!
1063 3746 1216 3800 Coniecen's
1237 3751 1280 3800 iu·

229 3895 233 3900 .
325 3857 402 3908 strete
426 3847 472 3900 ted
492 3846 559 3900 huic
581 3843 731 3900 verborum
755 3843 900 3900 collocatio
925 3859 1062 3919 repugnet.
1098 3848 1200 3902 Verum
1227 3857 1283 3913 est,
