2886 4832
316 376 423 445 ,224
610 355 615 365 '
728 385 959 422 --·-·-.

300 549 305 562 ’
348 549 433 613 rent,
454 499 544 596 cives
564 527 708 592 nomem·
722 525 866 612 fiebant.
908 530 985 591 Iam
1006 529 1100 608 haec,
1122 537 1308 614 quomodo

348 677 426 718 cum
447 651 616 748 prioribus
639 662 673 711 et
695 661 787 728 seqq.
806 647 1026 726 ¹cohaereant,
1054 625 1217 717 continua
1240 679 1309 720 ma-

347 774 398 838 lui
427 769 702 854 interpretatione
736 763 882 850 intelligi
912 789 1013 850 quam
1047 770 1192 855 singulis
1220 776 1307 842 locis

345 891 524 977 separatim
546 883 767 956 excutiendis.
811 889 849 950 Is
872 888 976 972 igitur
998 889 1062 954 erit
1084 913 1203 958 sensus
1224 896 1306 961 loci.

347 1015 447 1099 „Lep
477 1009 577 1075 sociis
606 1029 643 1070 ac
665 1005 782 1070 Latini
811 1007 962 1102 nominis
995 1011 1219 1092 permittebat,
1254 1032 1305 1094 ut,

346 1131 430 1216 „qui
458 1129 552 1216 domi
581 1129 811 1210 relinquerent
845 1129 983 1210 stirpem
1011 1153 1054 1194 ex
1086 1155 1159 1198 sese
1189 1152 1305 1200 natam

346 1258 458 1336 „(non
485 1249 709 1334 adoptivam),
746 1249 892 1312 Romam
921 1249 1103 1333 migrantes
1133 1252 1305 1320 civitatem

346 1372 588 1459 „acquirerent
639 1370 715 1430 Hac
742 1369 818 1450 lege
845 1370 932 1433 male
959 1385 1094 1434 utentes
1122 1374 1224 1450 (male
1252 1374 1303 1438 in·

333 1492 596 1580 „terpretandm
623 1509 699 1570 pars
727 1485 882 1562 coloniis,
912 1510 995 1569 quas
1018 1489 1138 1555 incolis
1168 1493 1238 1558 suis
1260 1495 1302 1558 si·

344 1637 411 1699 „ve
433 1609 569 1676 familiis
594 1606 793 1690 privabant,
825 1629 900 1690 pars
929 1610 1016 1690 Pop,
1045 1612 1165 1688 Rom,
1199 1636 1302 1696 quem
1397 1611 1401 1618 .

342 1729 585 1816 „multitudine
608 1729 793 1790 onerabant
815 1730 910 1790 nulla
933 1727 1065 1794 caritate
1087 1715 1193 1812 prolis
1215 1737 1301 1799 urbe

343 1851 528 1938 „adstricta
552 1845 710 1909 iniuriam
732 1846 910 1911 faciebant.
925 1889 929 1897 ι
944 1849 1036 1912 Nam
1059 1849 1119 1932 qui
1141 1841 1301 1952 concessq

243 1975 246 1984 ’
342 1971 432 2056 „sibi
453 1969 526 2034 iure
549 1981 704 2052 poterant
723 1965 871 2029 Romam
898 1966 1042 2051 migrare
1071 1969 1186 2034 relicta
1206 1967 1301 2036 'fami-

342 2093 411 2176 ‚,lia
431 2091 469 2153 in
491 2088 646 2164 coloniis,
669 2085 706 2162 ii,
722 2107 768 2150 ne
790 2107 870 2151 suos
887 2088 1106 2170 relinquendi
1118 2091 1301 2156 necessitas

341 2226 463 2296 „esset
485 2210 610 2272 liberos
632 2205 885 2289 quibusquibus
906 2209 1073 2272 Romanis
1101 2208 1138 2270 in
1160 2208 1304 2273 servitu·

341 2347 433 2415 „tem
471 2329 681 2393 tradiderunt
721 2339 818 2408 (post
856 2325 1094 2408 migrationem
1132 2328 1301 2411 opinor),

336 2433 403 2534 ⁴„ut
423 2448 749 2522 manumitterentur,
771 2443 990 2536 libertinique
1008 2445 1099 2511 cives
1114 2465 1242 2513 essent:
1265 2467 1299 2516 et

340 2568 488 2652 „quibus
510 2567 608 2650 stirps
631 2541 772 2643 deesset,
799 2579 899 2647 atque
923 2566 1140 2638 omninoius
1169 2585 1298 2636 mutan·

339 2691 425 2771 „dae
455 2687 607 2764 civitatis,
638 2684 803 2750 simulatis
831 2685 1073 2768 adoptionibus
1102 2688 1297 2768 liberorum,

338 2831 448 2892 „quos
464 2823 633 2890 tamquam
649 2827 690 2870 ex
708 2827 782 2870 sese
802 2823 898 2892 natos
911 2806 1150 2892 relinquerent,
1174 2811 1295 2874 eodem

180 2929 183 2934 “
278 2982 282 2988 .
338 2951 431 3014 „quo
446 2926 555 2992 'ceteri
576 2925 650 2988 iure
671 2927 818 2987 Romam
841 2924 1081 3008 migraverunt.
1114 2929 1293 2994 Postremo

338 3048 481 3130 „spretis
503 3044 604 3110 etiam
633 3041 686 3106 his
708 3041 915 3127 imaginibus
937 3045 1031 3122 iuris,
1055 3045 1129 3112 sine
1156 3049 1231 3131 lege
1253 3047 1294 3111 si·

338 3160 406 3248 „ne
428 3164 530 3247 stirpe
552 3161 575 3227 i.
601 3185 631 3228 e.
655 3161 729 3228 sine
759 3162 846 3248 legis'
866 3165 993 3226 auxilio
1020 3185 1132 3247 neque
1164 3164 1291 3250 traditis

339 3305 473 3369 „neque
501 3282 680 3368 assumptis
709 3282 823 3347 liberis
846 3284 882 3344 in
912 3281 1082 3348 civitatem
1102 3285 1292 3348 Romanam

337 3429 421 3490 „per
443 3404 680 3490 migrationem
702 3419 735 3466 et
756 3423 893 3465 censum
917 3401 1152 3468 transierunt”.
1177 3404 1291 3493 Quare

337 3542 472 3591 cautum
494 3540 543 3604 est
569 3527 661 3608 lege:
692 3525 747 3584 Ne
773 3517 845 3605 quis
869 3543 962 3605 quem
988 3525 1141 3611 civitotr’s
1167 3539 1292 3586 mutan·

340 3648 404 3709 dae
425 3667 526 3710 causa
541 3662 647 3704 suum
665 3635 804 3728 faceret,
825 3661 906 3703 neve
924 3634 1094 3718 alienaret,
1118 3646 1199 3705 etsi
1219 3645 1293 3728 quis

337 3769 391 3828 ira
408 3767 494 3828 civis
515 3735 684 3826 Romanus
709 3754 825 3842 factus
851 3773 944 3837 esset,
970 3782 1011 3835 oe
1036 3761 1067 3822 s's
1092 3772 1181 3823 essee.
1225 3761 1291 3824 Ite·

337 3905 412 3950 tum
433 3882 489 3948 hic
516 3881 590 3949 viro
619 3881 721 3945 docto
749 3878 993 3942 occurrendum·
1014 3893 1073 3943 est.
1123 3881 1293 3961 Interpre·

1205 4011 1293 4064 tamt
