2916 4826
353 396 422 464 114
721 402 933 434 «ιο-

352 560 443 620 disne
465 571 526 621 etc.
553 551 603 615 At
626 549 716 612 idem
739 549 834 612 reddi
858 525 1179 616 debebat'Pomno
1203 553 1303 632 XXI,

354 698 404 741 21.
418 681 484 739 To.
498 677 566 760 JV.
582 695 615 754 p.
633 684 684 748 85.
708 661 744 730 ‘0
766 664 798 729 δὲ
819 666 881 730 τῶν
902 669 1050 732 Αἰτωλῶν
1077 673 1230 746 Φαινίας,
1261 674 1307 732 Τί

352 785 409 858 οὖν
430 791 504 876 ἡμῖν
524 782 583 854 οὐκ
599 784 768 860 ἀποδίδως,
795 787 945 862 Φίλιππε,
964 783 1037 868 ἔφη,
1060 784 1233 871 Λάρισσαν
1246 781 1302 864 τὴν

352 907 557 994 Κρεμαστήν,
591 900 763 989 Φάρσαλον
785 925 813 966 κ.
835 929 862 966 τ.
883 911 909 968 λ.
952 909 1108 974 Vitiosae
1131 910 1323 992 interpun.¹

352 1026 577 1095 ctioni'iuxta
602 1019 725 1092 vitiosa
763 1026 916 1090 adiicitur
944 1014 1183 1112 interpretatio.
1228 1029 1302 1110 „At

351 1152 548 1238 „Rhadneas
571 1144 729 1221 Aetolus,
762 1147 831 1216 Cur
859 1168 949 1230 erg03
980 1149 1099 1230 inquit,
1129 1149 1300 1232 Philipps,

351 1297 446 1356 „non
468 1270 580 1335 reddis
602 1266 703 1330 nobis
725 1265 923 1329 Larissam''.
955 1268 1139 1352 Distingue
1163 1271 1204 1330 Τί
1223 1258 1301 1344 oin,-

350 1391 425 1474 ἡμῖν
437 1382 493 1452 οὔκ
508 1375 666 1449 ἀποδίδως
682 1400 742 1448 etc.
767 1387 859 1466 quod
873 1389 1053 1468 respondet
1065 1375 1161 1480 Livii
1176 1389 1299 1455 verbis.

350 1509 475 1576 Similis
499 1522 548 1571 est
570 1504 727 1594 eorrectio
746 1499 789 1566 T.
805 1507 1080 1570 Hnns'unnnusn
1102 1509 1143 1570 ad
1156 1509 1297 1572 Lucian.

350 1635 416 1694 To.
438 1631 468 1691 1.
490 1647 586 1710 p.3
550 1647 586 1708 33
591 1632 620 1698 8
642 1625 772 1690 Eadem
800 1625 949 1689 fortassis
979 1637 1029 1690 est
1057 1627 1140 1689 ratio
1170 1627 1299 1690 Coum

349 1751 439 1823 VII,
455 1761 483 1822 8,
504 1767 553 1827 13.
569 1744 604 1807 in
621 1743 813 1828 Scytharum
831 1744 992 1810 oratione.
1015 1745 1063 1808 Ab
1087 1737 1224 1829 Europa
1241 1773 1297 1832 pe-

249 1905 253 1926 ι
348 1873 395 1934 tis
411 1870 538 1939 Asiam;
560 1887 601 1926 ex
620 1862 699 1926 Asia
719 1867 844 1928 transis
863 1869 897 1928 in
918 1865 1299 1947 Europam:dei11desi

348 1993 516 2052 humanum
535 2005 636 2063 genus
649 2004 738 2042 omne
757 1987 976 2063 superaveris,
998 2005 1067 2044 cum
1079 1985 1175 2044 silvis
1196 1999 1229 2045 et
1248 1988 1299 2046 ni·

346 2104 449 2168 vibus
462 2115 495 2160 et
508 2097 697 2184 fluminibus
715 2092 864 2178 ferisque
884 2095 996 2165 bestiis
1008 2113 1160 2177 gesturus
1179 2121 1212 2158 es
1233 2099 1300 2160 bela

347 2226 421 2284 lum.
463 2217 537 2280 Vix
559 2215 671 2275 locum
693 2209 793 2272 habet
815 2211 995 2287 affirmatio'
1019 2209 1148 2275 etiamsi
1170 2213 1298 2278 ironice

347 2339 455 2422 capias
469 2336 579 2398 verba.
604 2327 813 2411 Scripserim=
828 2331 944 2390 deinde
959 2365 994 2374 —
1010 2353 1077 2394 cum
1090 2334 1234 2394 silvis-
1245 2356 1297 2414 ge.
1316 2391 1320 2399 ⁸

346 2471 459 2520 scurus
472 2475 507 2514 es
522 2448 659 2514 bellum?
680 2448 746 2511 Sed
762 2469 795 2508 es
809 2469 945 2530 quoque
959 2450 1143 2534 elegantius
1158 2453 1295 2516 abesset.

429 2693 615 2788 Supersunt
643 2682 763 2751 eodem
787 2683 889 2748 modo
919 2681 1123 2752 restituenda
1145 2691 1213 2752 duo
1235 2692 1295 2755 L}

345 2833 403 2877 vn
423 2814 506 2902 ioca.
531 2807 631 2872 Alter
653 2822 702 2870 est
722 2803 838 2881 XLV,
858 2827 906 2887 35.
930 2807 1059 2870 Milites
1071 2777 1175 2871 Ᾰεπι.
1198 2812 1295 2872 Paul·

346 2933 372 2996 li
393 2929 505 2994 verbis
529 2949 564 2990 se
587 2940 701 2988 contra
729 2928 848 2988 ducem
876 2925 1051 3010 instigant:
1085 2932 1296 3008 Imperiosum

347 3052 457 3111 ducem
486 3061 518 3106 et
543 3043 715 3125 malignum
739 3045 942 3129 antiquando
967 3050 1177 3126 rogationem,
1211 3069 1295 3130 quae

346 3168 387 3228 de
415 3167 579 3244 triumpho
611 3164 678 3225 eius
705 3159 864 3247 ferretur,
896 3165 1143 3236 ulciscerentur3
1170 3165 1292 3246 plebem

344 3281 500 3346 urbanam
521 3296 703 3343 secuturam
725 3303 792 3342 osse
811 3280 947 3340 militum
962 3282 1095 3342 iudicia.
1118 3284 1294 3344 Pecuniam

299 3381 305 3396 .
343 3404 434 3466 illum
450 3403 531 3462 dare
552 3423 616 3462 non
632 3402 789 3482 potuisse,
811 3399 943 3459 militem
955 3400 1107 3460 honorem
1121 3402 1202 3461 dare
1220 3421 1293 3480 pos·

312 3519 318 3538 '
343 3523 399 3582 se?
429 3523 481 3583 No
507 3534 655 3601 speraret
673 3517 720 3580 ibi
741 3510 891 3605 fructum
915 3519 1048 3597 gratiae
1074 3517 1130 3579 ubi
1150 3539 1214 3580 non
1230 3535 1291 3580 me·

344 3643 471 3702 ruisset.
515 3637 588 3700 Scio
618 3635 749 3719 saepius
776 3635 973 3738 negstiones
1005 3634 1041 3698 in
1071 3638 1218 3701 alienum
1245 3639 1292 3700 lo·

344 3777 420 3819 cum
442 3757 629 3840 irrepsisse:
660 3777 723 3819 nec
745 3771 857 3818 tamen
880 3757 1020 3837 probem
1048 3777 1122 3820 cum
1146 3747 1306 3822 Gnoso·¹

343 3896 409 3944 vlo
432 3898 462 3941 Ρ.
486 3877 703 3962 Sigonianam
725 3874 965 3964 sorrentionem
987 3865 1170 3940 'Pecuniam
1198 3880 1290 3942 illium
