2922 4820
327 577 425 655 gnata
447 561 480 634 et
501 566 643 633 feliciter
665 565 826 644 tritavia,
848 567 1018 652 propriam
1040 583 1074 634 et
1096 593 1190 636 suam
1213 597 1282 658 per-

276 733 279 742 ,
325 690 644 779 sequimaluerunt.
667 687 704 764 l*)
749 658 754 678 ⁴
1216 772 1219 785 ,

408 807 568 868 Ceterum
590 827 666 866 cum
688 803 789 868 huius
812 803 1002 887 scriptionis
1026 805 1202 900 consilium
1226 807 1277 883 sit,

169 995 173 1004 ,
246 977 248 981 .
325 937 398 987 non
422 908 642 988 detrectandis
671 924 815 987 aliorum
844 925 1001 988 laudibus
1023 927 1156 988 laudem
1180 945 1277 1005 quae·

286 1122 294 1142 .
325 1042 439 1120 rendi,
484 1046 542 1108 sed
576 1044 799 1130 expromendi
831 1067 893 1126 pro
936 1044 1027 1108 virili
1066 1064 1177 1108 novae
1221 1047 1277 1108 vel

326 1163 572 1254 emendationis
600 1167 656 1230 vel
680 1162 916 1246 explicationis
946 1165 1155 1242 aliquantum
1186 1187 1276 1248 egre-

324 1280 382 1366 gio
428 1257 599 1367 scriptori,
646 1305 724 1367 age,
768 1282 903 1346 initium
946 1281 1106 1346 ducamus
1153 1285 1193 1344 ab
1232 1286 1275 1380 iis
1358 1297 1361 1320 ¹

266 1417 268 1424 ‘
323 1369 422 1478 locis,
457 1375 581 1486 ¹quibus
610 1385 652 1466 et'
671 1401 757 1466 olim
787 1421 817 1462 et
847 1420 957 1481 nuper
984 1401 1104 1500 frustra
1132 1405 1275 1482 tentatis,

322 1523 379 1584 vel
402 1523 502 1604 plane
529 1522 714 1606 praeteritis
740 1531 891 1598 paratum
915 1521 1010 1583 est'e
1039 1519 1277 1612 Ponrnro'au·

285 1685 288 1700 .
322 1637 477 1738 acilium!
1151 1669 1162 1694 ⁴

323 1787 325 1792 ·
406 1759 573 1820 Mnacrus
596 1769 630 1820 et
652 1754 807 1818 Arrnrus
837 1757 986 1819 Romam
1014 1755 1141 1821 reversi
1170 1781 1276 1842 quum

321 1873 490 1960 legatione
520 1876 749 1942 renuncianda
771 1899 844 1939 non
867 1876 930 1939 alia
958 1899 993 1940 re
1016 1876 1121 1961 magis
1144 1879 1276 1962 gloriati

320 2011 442 2072 essent,
465 2019 566 2078 quam
590 1999 691 2076 quod,
714 1998 854 2076 decepto
877 2019 937 2076 per
959 1997 1111 2059 inducias
1134 2015 1166 2060 et
1184 2003 1278 2082 spem

320 2114 411 2194 pacis
434 2115 578 2187 Perseo,
602 2128 734 2190 tempus
758 2125 950 2191 suppeteret
970 2113 1137 2176 Romanis
1158 2115 1278 2180 instru-

322 2231 403 2294 endi
426 2245 599 2314 apparatus
622 2227 721 2304 belli;
744 2251 864 2310 magna
886 2250 960 2310 pars
984 2231 1123 2294 Senatus
1147 2253 1279 2300 summa
1313 2221 1317 2232 ⁸

321 2350 404 2416 haec
425 2351 554 2414 ratione
577 2365 646 2412 acta
668 2349 871 2431 approbabat
891 2347 1010 2423 XLII,
1034 2362 1106 2427 47:

335 2479 340 2488 '
411 2469 563 2547 Veteres,
590 2483 623 2530 et
648 2469 749 2530 moris
775 2470 907 2552 stetiqui
934 2487 1087 2530 memores
1113 2471 1277 2554 negabant

405 2610 440 2651 se
461 2591 497 2650 in
525 2587 567 2648 ea'
592 2587 755 2668 legatione
780 2587 949 2647 Romanas
976 2607 1149 2666 agnoscere
1176 2592 1277 2662 artes,

406 2709 508 2783 „Non
532 2729 592 2786 per
620 2705 761 2768 insidias
790 2717 824 2765 st
853 2711 1015 2766 nocturna
1039 2708 1187 2786 proelia,
1218 2731 1277 2771 nse

405 2825 615 2903 „simulatam
640 2817 765 2910 fugam
796 2824 1056 2905 improvisosque
1086 2825 1133 2884 ad
1165 2827 1273 2889 incau-

404 2957 496 3020 „tum
517 2944 642 3003 hostem
667 2941 802 3014 reditus,
823 2958 882 2999 nec
899 2952 937 3000 ut
959 2953 1035 3004 astu
1056 2947 1159 3029 magis
1178 2967 1275 3028 quam

404 3079 510 3138 „vera
530 3060 658 3124 virtute
672 3057 908 3139 gloriarentur,
937 3057 1023 3124 betta
1044 3063 1183 3136 maiores
1200 3085 1274 3144 ges·
1310 3075 1313 3090 ⁵

387 3396 415 3461 ‘)
432 3393 474 3448 De
493 3401 545 3466 qua
561 3411 619 3449 non
637 3393 718 3455 dicas,
736 3395 809 3468 quod
828 3395 860 3448 de
881 3397 1066 3460 Gronoviana,
1089 3417 1150 3452 cum
1171 3401 1275 3455 Lucra·

319 3510 358 3584 tto
386 3496 476 3568 Q.1t.
496 3496 528 3550 C.
554 3496 582 3550 S.
604 3496 672 3568 Cap.
696 3496 811 3551 XXXV.
836 3496 1040 3575 Etipops'aaepos
1064 3504 1189 3560 relicuas
1213 3504 1276 3580 ἀχρὶ

321 3599 368 3654 atti
385 3596 453 3674 πρὸς
469 3596 520 3657 τὸν
538 3598 650 3655 σκοπόν.
685 3599 761 3670 Quae
777 3599 859 3654 verba
875 3619 936 3654 cum
954 3621 1010 3654 non
1030 3601 1143 3658 feliciter
1160 3618 1275 3658 tentaret
1364 3653 1367 3668 ‚

323 3699 474 3760 Gestatus,
499 3691 596 3756 mirum
618 3711 655 3756 eat
673 3700 770 3770 fugisse
788 3704 874 3756 virum
894 3704 1004 3756 doctum
1023 3699 1153 3774 int'egrum
1173 3723 1202 3757 ea
1219 3709 1273 3758 elli·

278 3799 280 3806 '
321 3817 383 3854 cere
406 3801 590 3856 Trochaicum
614 3813 785 3857 octonarium
813 3803 995 3861 catalecticum
1017 3808 1157 3873 (simodo
1181 3807 1274 3876 dacty-

321 3901 381 3956 lum
397 3903 532 3959 admiseris
550 3907 580 3960 in
597 3906 675 3968 tertia
692 3905 777 3973 tede.)
809 3905 862 3960 sed
879 3906 937 3978 ipsa
956 3907 1037 3963 dictio
1052 3919 1161 3980 poetam
1175 3909 1253 3979 sapit.
