2922 4820
334 349 355 396 Ω
699 349 909 378 ¹¹*-

336 505 476 574 consilio
507 500 674 585 scriptoris
697 498 726 562 si
755 499 935 580 quaeritur,
965 526 1031 586 quo
1056 508 1183 590 primus
1205 501 1288 594 (Ross

335 647 512 690 manorum
543 619 687 699 iudicio)
721 604 864 683 formam
895 623 1007 705 operis
1037 629 1191 708 aequavit
1221 657 1287 726 ma·
1312 681 1314 686 .

334 743 504 832 gnitudini
526 743 718 816 Romanae,
747 740 860 823 plures
884 759 981 822 sunt,
1012 746 1089 827 qui,
1111 769 1187 829 .quo
1211 754 1285 816 loco

334 865 521 933 censendus
555 861 597 925 sit
629 861 760 924 Lrvrus
794 863 836 924 ad
868 863 1002 927 Tacrrr
1035 867 1285 950 Sanunsrrrque

333 981 567 1069 praestantiam
601 998 824 1063 comparatus,
859 1004 894 1045 se
923 983 1077 1067 ignorare
1105 988 1286 1063 fateantur3

334 1104 417 1168 alios
462 1101 600 1177 mirifice
641 1123 698 1164 ear
719 1103 957 1182 exprobrantes
994 1103 1109 1167 audias
1148 1108 1286 1170 cultissi·
1380 1149 1390 1168 .

332 1221 572 1304 πηοΙεοπὶρῑοτί,
596 1241 681 1302 quae
705 1223 844 1282 obscura
866 1218 994 1302 vixque
1017 1223 1226 1306 explicabilia
1248 1226 1286 1288 in

331 1341 499 1426 prioribus
529 1338 624 1402 libris
653 1334 789 1420 reliquit
812 1337 936 1403 iactura
957 1340 1197 1423 posteriorum:
1226 1366 1286 1407 un·
1328 1411 1330 1416 ,

332 1463 374 1528 de
397 1476 481 1543 quot
495 1453 637 1522 'diversa
658 1457 790 1539 prodita
820 1457 886 1522 sint
909 1461 943 1524 et¹
964 1462 1005 1524 de
1030 1459 1173 1546 singulis
1202 1435 1284 1525 locis

331 1582 422 1651 etde
446 1576 585 1660 integris
607 1575 755 1658 partibus
773 1573 907 1656 iudicia,
930 1563 1078 1658 intanta
1097 1581 1284 1664 legentium

330 1715 364 1765 et
389 1687 619 1788 “scribentium
654 1693 831 1770 varietate,
868 1697 1011 1780 longum
1052 1713 1101 1762 est
1142 1721 1284 1762 comme.

328 1823 471 1882 morare.
514 1816 605 1878 Nam
629 1829 661 1877 et
684 1815 726 1892 de
748 1815 815 1876 fide
838 1815 1025 1896 scriptoris,
1049 1817 1103 1878 cui
1126 1817 1217 1878 haud
1238 1819 1283 1880 le·

327 1937 378 2002 vis
400 1932 575 1999 intercedit
598 1947 632 1996 et
649 1949 727 1993 oum
750 1914 823 1994 aliis
846 1949 879 1996 et
902 1953 978 1994 cum
1001 1952 1106 2000 semet
1128 1937 1203 2019 ipso
1220 1937 1283 2000 dis-

325 2057 450 2129 sensio,
480 2050 751 2134 quotusquisque
773 2050 853 2124 suit,
887 2049 962 2131 qui,
979 2053 1141 2115 ·ex'o'ussis
1164 2057 1283 2156 sedulo

324 2171 575 2238 Historicorum
605 2165 799 2252 fragmentis
831 2183 863 2230 et
893 2169 1069 2247 Postero,
1099 2173 1281 2236 Droursro
1366 2197 1375 2208 ·

268 2268 269 2276 ¹
325 2309 386 2357 etc
410 2306 563 2372 recteque
588 2281 762 2401 aestimata
787 2287 957 2364 rhetorica
986 2291 1170 2368 Veterum,
1204 2293 1282 2357 satis

324 2413 495 2495 integrum
522 2364 693 2514 iudicium
724 2381 845 2470 ferret?
880 2407 1036 2492 Longius
1072 2426 1162 2492 patet
1199 2413 1283 2476 criti·

325 2553 362 2594 ca
392 2546 425 2595 et
454 2525 679 2614 grammatica
697 2523 864 2612 scriptoris
895 2528 1088 2610 explicati03
1115 2549 1281 2613 quatenus

323 2651 415 2726 haec,
445 2649 600 2730 pendens
624 2647 664 2707 ab
688 2632 848 2708 inferiore
871 2644 1005 2730 linguae
1029 2648 1226 2742 po'gnitione
1248 2667 1281 2716 et

324 2770 467 2852 quadam
490 2763 669 2832 divinandi
691 2766 856 2840 facultate,-
879 2766 1014 2851 proprie
1038 2784 1191 2830 censetur
1211 2770 1280 2833 Cri-

321 2889 378 2954 tici
401 2908 536 2950 munus.
583 2883 662 2968 Quo
686 2881 723 2942 in
754 2903 877 2964 genere
901 2889 1081 2963 quantum,
1111 2879 1187 2968 post
1208 2888 1279 2952 feli.

239 3035 243 3044 ⁴
321 3029 374 3072 ces
398 3001 617 3086 superiorum'
633 3003 855 3082 interpretum
877 3003 1027 3080 labores,
1061 3004 1213 3069 relictum
1237 3008 1279 3074 sit
1331 3039 1335 3046 =

320 3129 408 3190 bene
439 3121 593 3186 merendi
622 3119 796 3196 materiae,
830 3139 1060 3206 quantumque
1088 3145 1181 3208 nunc
1208 3149 1277 3190 mu·
1335 3167 1340 3174 -

320 3241 462 3308 tarrtium
496 3238 790 3320 dubitantiumque
808 3275 811 3290 ·
829 3240 998 3304 editorum
1032 3242 1196 3313 temeritas
1227 3267 1278 3308 co·

320 3379 374 3448 gat
396 3335 567 3446 legentem
596 3357 634 3422 i'n
662 3358 808 3423 dumetis
838 3358 963 3424 criticis
987 3359 1140 3438 haerere,
1168 3364 1278 3430 sciunt

319 3482 448 3568 et,alii,
472 3496 505 3545 et
527 3476 672 3540 maxime
694 3477 817 3558 quibus
840 3477 896 3542 bio
918 3479 1057 3560 scriptor
1078 3481 1151 3546 aliis
1174 3483 1275 3564 expli·

317 3597 448 3696 candus
464 3597 612 3662 traditur.

400 3717 457 3781 Ae
479 3739 558 3784 sane
593 3737 633 3780 ea
662 3730 713 3780 est
738 3712 836 3778 Livii
866 3712 989 3790 oratio,
1018 3739 1118 3801 quae·
1134 3739 1276 3784 acumen

316 3851 467 3906 exerceat
494 3837 595 3901 etiam
629 3833 788 3900 doctioris
820 3834 1020 3917 interpretis.
1078 3838 1169 3901 Nam
1197 3827 1273 3904 cuni
