2922 4820
192 558 258 622 hoc
285 555 426 622 nomine
456 573 556 637 quem
586 574 826 637 comparemus,
855 553 1019 630 habemus
1040 553 1144 622 nemi-

100 758 102 766 Α
193 695 287 752 nsm3
317 676 343 738 si
367 676 473 737 modo
497 647 642 735 nimium
670 672 842 738 brevitatis
865 681 1012 742 amorem
1034 675 1146 744 vince-

170 813 240 866 re„
268 811 330 858 nec
353 793 405 856 sui
437 791 634 880 dissimilem
663 791 837 857 interdurn
864 793 1005 858 efficere·
1021 763 1147 858 voiuia-

194 885 252 976 set'
269 909 366 972 Livii
399 912 607 976 orationem!
642 911 752 980 Tanta
788 910 868 976 alibi
904 909 976 976 eius
1012 926 1147 993 apparet

192 1045 225 1094 et
248 1029 285 1091 in
309 1029 504 1110 detegendis
526 1029 699 1102 fraudibus
722 1030 890 1114 sagacitas,
919 1047 951 1096 et
972 1030 1010 1094 in
1033 1053 1147 1096 emen-

192 1143 313 1211 dandis
341 1145 498 1220 felicitas,
529 1149 648 1215 intima
676 1150 756 1214 nixa
791 1149 995 1231 antiquitatis
1025 1166 1057 1214 et
1084 1151 1146 1218 lin·

193 1289 278 1352 guae
301 1267 449 1340 scientia,
478 1265 573 1332 cuius
593 1268 825 1353 cognitionem
849 1269 964 1350 ecquis
985 1270 1048 1338 fuit
1070 1284 1148 1352 post
1248 1276 1249 1279 ’

194 1407 273 1454 eum
302 1384 362 1468 qui
389 1383 529 1468 ⁴longius
559 1386 745 1468 proferret?
778 1391 852 1452 Has
883 1388 1021 1458 eximias
1044 1388 1147 1452 virtu-

185 1522 241 1570 ·tes
280 1525 355 1570 cum
388 1503 586 1568 adiuvarent
618 1509 856 1590 praestantium
890 1479 998 1572 Codri.
1017 1567 1020 1578 ,
1037 1506 1147 1570 variae

192 1625 388 1709 scripturae,
418 1622 583 1706 imprimis
614 1622 655 1686 in
689 1623 835 1686 secunda
868 1629 991 1712 decade
1022 1622 1149 1709 egregii
1183 1667 1186 1672 -

194 1747 279 1807 Cod.
302 1741 459 1816 Puteani,
490 1757 655 1822 quantum
685 1739 788 1807 unius
811 1739 877 1810 viri
900 1751 1001 1824 opera
1027 1747 1173 1814 radun.x

194 1862 288 1924 davit
308 1860 393 1925 lucis
417 1875 449 1923 et
471 1853 622 1922 medelae
644 1857 762 1934 Livio,
791 1857 883 1924 haud
906 1859 987 1924 scio*
998 1882 1041 1929 an
1063 1859 1151 1934 nulli

194 1977 389 2044 redundarit
429 1977 600 2068 Veterum
633 1997 652 2038 a
685 1974 871 2040 recentiore
911 1957 996 2046 suo'
1010 1975 1149 2040 editore.
1252 2027 1255 2035 t

194 2100 385 2162 Gnonovrr
399 2094 580 2170 solertiam,
604 2093 663 2156 ubi
686 2089 861 2170 defecerat,
884 2085 1150 2165 feliciter'aemu-

145 2235 147 2240 ’
193 2216 251 2282 tati
274 2229 353 2280 sunt
374 2217 405 2278 I.
429 2216 650 2280 Psarzurrrus
675 2229 708 2278 et
731 2216 769 2282 C.
793 2213 841 2280 Α.
865 2216 1054 2291 Dureaus,
1077 2190 1164 2297 pari·

192 2335 322 2400 criticae
360 2335 436 2399 artis
480 2334 679 2398 factitandae
719 2335 874 2402 facultate
911 2351 1052 2416 uterque
1090 2355 1150 2416 sua

89 2471 103 2478 “
191 2454 328 2540 propria
357 2454 480 2520 virtute
510 2453 742 2538 'conspicuum
784 2453 988 2521 Perizonius
1007 2473 1175 2524 accurs-1

194 2573 321 2640 tissima
355 2572 514 2636 historiae
551 2571 707 2666 antiquae
747 2595 808 2656 per
847 2573 1003 2642 minimas
1038 2587 1148 2655 partes

195 2689 349 2778 scientia,
390 2691 561 2752 ·Dukerrrs
604 2689 686 2752 iuris
728 2705 761 2752 et
802 2691 1038 2773 antiquitatum
1082 2693 1148 2755 Ro-

195 2827 370 2872 manarum
415 2806 580 2889 exquisita
608 2806 829 2890 sscognitione
875 2792 1015 2890 posteris
1062 2831 1149 2871 com-

194 2925 359 3003 mendati,
383 2949 529 3009 quorum
551 2925 636 2990 curis
658 2925 990 2999 Danaenabncaaua
1013 2926 1148 2996 utilissi-

183 3071 285 3122 ,mam
307 3047 345 3110 in
367 3047 589 3131 congerendis
619 3048 726 3109 Godd.
751 3046 919 3130 scripturis
948 3051 1035 3128 (non
1052 3047 1149 3130 ¹dige-

98 3256 101 3262 ‚
156 3199 161 3214 =
194 3167 325 3245 tendis)
347 3150 497 3248 operam,
521 3165 775 3248 iudicandisque
788 3166 942 3250 peritiam
967 3165 1050 3245 (fere
1068 3168 1148 3230 Gor·

107 3262 110 3269 Ι
192 3270 289 3351 tiano
309 3286 441 3372 mors),
472 3285 672 3352 eromuino
702 3287 861 3349 struendo
885 3300 1042 3368 apparatu
1066 3285 1150 3350 criti·

197 3423 236 3467 co
260 3384 421 3469 adiunxit.
466 3404 504 3470 A
533 3425 678 3488 quorum
707 3405 806 3470 laude
830 3407 921 3488 quod
944 3403 1080 3486 longius
1103 3425 1150 3468 re-

195 3521 289 3610 moti⁴
311 3507 478 3601 videntur}
509 3523 567 3609 qui
597 3539 673 3608 post
703 3503 760 3589 eris
790 3539 822 3589 et
846 3539 958 3597 nostra
980 3536 1084 3588 aetate
1107 3525 1149 3586 ad

71 3649 99 3716 ‚⁸
196 3645 346 3708 eundem
370 3642 561 3732 scriptorem
593 3621 728 3730 operam
752 3646 976 3718 contulerunt,
1000 3640 1081 3707 inde
1103 3643 1148 3706 fa·

108 3789 112 3794 ·
172 3778 289 3836 ctum
317 3762 501 3848 suspicere,
538 3767 631 3850 quod
658 3765 772 3846 relicta
801 3761 1161 3842 aGaouovrodesi.
